@String{soda08 = {Proceedings of the 19th ACM-SIAM Symposium on Discrete Algorithms (SODA~2008)}}
@String{soda2010 = {Proceedings of the 21st ACM-SIAM Symposium on Discrete Algorithms (SODA~2008)}}
@String{isaac2004 = {Proceedings of the 15th International Symposium on Algorithms and Computation}}
@String{bstj = {Bell Systems Technical Journal}}
@String{soda98 = {Proceedings of the Ninth Annual ACM-SIAM Symposium
on Discrete Algorithms}}
@String{focs2000 = {The 41st Annual Symposium on Foundations of Computer Science}}
@String{soda09 = {Proceedings of the 20th ACM-SIAM Symposium on Discrete Algorithms (SODA~2009)}}
@String{focs2009 = {Proceedings of the 50th Annual IEEE Symposium on Foundations of Computer Science (FOCS~2009)}}
@String{amm = {American Mathematical Monthly}}
@String{jalg = {Journal of Algorithms}}
@String{dcg = {Discrete {\&} Computational Geometry}}
@String{ijfcs = {International Journal of Foundations of Computer Science}}
@String{bstj = {Bell Systems Technical Journal}}
@String{soda97 = {Proceedings of the Eighth Annual ACM-SIAM Symposium on Discrete Algorithms}}
@String{soda98 = {Proceedings of the Ninth Annual ACM-SIAM Symposium on Discrete Algorithms}}
@String{soda01 = {Proceedings of the Twelfth Annual ACM-SIAM Symposium on Discrete Algorithms}}
@String{soda08 = {Proceedings of the 19th ACM-SIAM Symposium on Discrete Algorithms (SODA~2008)}}
@String{jsc = {Journal of Symbolic Computation}}
@String{cgta = {Computational Geometry Theory and Applications}}
@String{focs00 = {Proceedings of the 41st annual Symposium on Foundations of Computer Science}}
@String{focs06 = {Proceedings of the 47th annual Symposium on Foundations of Computer Science}}
@String{swat00 = {Proceedings of the Seventh Scandinavian Workshop on Algorithm Theory}}

@Article{s48,
  author =       {C. E. Shannon},
  title =        {A mathematical theory of communication},
  journal =      bstj,
  year =         1948,
  pages =        {379--423 and 623-656}
}

@InCollection{ae99,
  author =       {P. K. Agarwal and J. Erickson},
  title =        {Geometric Range Searching and Its Relatives},
  booktitle =    {Advances in Discrete and Computational Geometry},
  pages =        {1--56},
  publisher =    {American Mathematical Society Press},
  year =         1999,
  editor =       {B. Chazelle and J. E. Goodman and R. Pollack},
  volume =       223,
  series =       {Contemporary Mathematics}
}

@article{m75,
        Author = {K. Mehlhorn},
        Journal = {Acta Informatica},
        Pages = {287-295},
        Title = {Nearly optimal binary search trees},
        Volume = {5},
        Year = {1975}
}

@InProceedings{as98,
  author =       {U. Adamy and R. Seidel},
  title =        {On the Exact Worst Case Query Complexity of Planar
Point Location},
  booktitle =    soda98,
  pages =        {609--618},
  year =         1998
}

@article{as00,
  author    = {R. Seidel and U. Adamy},
  title     = {On the Exact Worst Case Query Complexity of Planar Point Location},
  journal   = {Journal of Algorithms},
  volume    = {37},
  number    = {1},
  year      = {2000},
  pages     = {189-217},
}

@String{cacm={Communications of the ACM}}

@Article{ae42,
  author =       {J. L. Bentley},
  title =        {Multidimensional Divide-and-Conquer},
  journal =      cacm,
  volume =       {23},
  year =         {1980},
  pages =        {214--229}
}

@Article{ae41,
  author =       {J. L. Bentley},
  title =        {Multidimensional Binary Search Trees Used for
Associative Searching},
  journal =      cacm,
  volume =       {18},
  year =         {1975},
  pages =        {509--517}
}

@String{sicomp={SIAM Journal on Computing}}

@Article{ae55,
  author =       {B. Chazelle},
  title =        {Filtering Search: A New Approach to
Query-Answering},
  journal =      sicomp,
  volume =       {15},
  year =         {1986},
  pages =        {703--724},
}

@Article{ae58,
  author =       {B. Chazelle},
  title =        {A Functional Approach to Data Structures and its use
in multidimensional searching},
  journal =      sicomp,
  volume =       {17},
  year =         {1988},
  pages =        {427--462}
}

@String{jacm={Journal of the ACM}}

@Article{ae61,
  author =       {B. Chazelle},
  title =        {Lower Bounds for Orthogonal Range Searching,
{II}: The Arithmetic Model},
  journal =      jacm,
  volume =       {37},
  year =         {1990},
  pages =        {439--463}
}

@Article{ae76,
  author =       {B. Chazelle and L. J. Guibas},
  title =        {Fractional Cascading: {I}. A Data Structuring Technique},
  journal =      {Algorithmica},
  volume =       {1},
  year =         {1986},
  pages =        {133--162}
}

@String{focs78={Proceedings of the 19th Annual IEEE Symposium on
Foundations of Computer Science (FOCS)}}

@InProceedings{ae196,
  author =       {G. S. Luecker},
  title =        {A Data Structure for Orthogonal Range Queries},
  booktitle =    focs78,
  pages =        {28--34},
  year =         {1978}
}

@Book{ae251,
  author =       {H. Samet},
  title =        {The Design and Analysis of Spatial Data Structures},
  publisher =    {Addison-Wesley},
  address =      {Reading, MA},
  year =         {1990}
}

@Article{ae133,
  author =       {M. L. Fredman},
  title =        {A Lower bound on the complexity of orthogonal range queries},
  journal =      jacm,
  volume =       28,
  year =         {1981},
  pages =        {696--705}
}

@Article{ae292,
  author =       {A. C. Yao},
  title =        {On the complexity of maintaining partial sums},
  journal =      sicomp,
  volume =       {14},
  year =         {1985},
  pages =        {277--288}
}

@Book{bkos97,
  author =       {M. de Berg and M. van Kreveld and M. Overmars and O.
Schwarzkopf},
  title =        {Computational Geometry: Algorithms and
Applications},
  publisher =    {Springer-Verlag},
  year =         1997,
  address =      {Heidelberg}
}

@Book{clrs09,
  author =       {T. H. Cormen and C. E. Leiserson and R. L. Rivest and C. Stein},
  title =        {Introduction to Algorithms},
  edition =      {Third},
  publisher =    {MIT Press},
  address =      {Cambridge, Massachusetts},
  year =         {2009}
}

@InProceedings{jms04,
  author =       {J. J\'aj\'a and C. W. Mortensen and Q. Shi},
  title =        {Space-efficient and fast algorithms for 
                  multidimensional dominance counting and related problems},
  booktitle =    isaac2004,
  pages =        {558--568},
  year =         {2004}
}

@InProceedings{cp10,
  author =       {T. M. Chan and M. P\v{a}tras\c{c}u},
  title =        {Counting Inversions, Offline Orthogonal Range Counting,
                  and Related Problems},
  booktitle =    soda2010,
  pages =        {161--173},
  year =         {2010} 
}

@InProceedings{abr00,
  author =       {S. Alstrup and G. S. Brodal and T. Rauhe},
  title =        {New Data Structures for Orthogonal Range Searching},
  booktitle =    focs2000,
  pages =        {198--207},
  year =         {2000}
}

@InProceedings{dhm09,
  author = 	 {V. Dujmovi\'c and J. Howat and P. Morin},
  title = 	 {Biased range trees},
  booktitle =    soda09,
  year =         {2009},
  pages =        {486--495},
}

@InProceedings{abc09,
  author =       {P. Afshani and J. Barbay and T. M. Chan},
  title =        {Instance-optimal geometric algorithms},
  booktitle =    focs2009,
  pages =        {129--138},
  year =         {2009},
}

@String{soda09 = {Proceedings of the 20th ACM-SIAM Symposium on Discrete Algorithms (SODA~2009)}}
@String{soda08 = {Proceedings of the 19th ACM-SIAM Symposium on Discrete Algorithms (SODA~2008)}}

@TechReport{cdilm09,
  author =	 {S. Collette and V. Dujmovi\'c and J. Iacono and S. Langerman and P. Morin},
  title =	 {Entropy, Triangulation, and Point Location in Planar Subdivisions},
  month =        {March},
  institution =  {arXiv},
  number =       {cs0905.3584},
  url =          {http://arxiv.org/abs/0905.3584},
  year =         {2009},
}


@Article{ammw07,
  author =       {S. Arya and T. Malamatos and D. M. Mount and K. C. Wong},
  title =        {Optimal Expected-Case Planar Point Location},
  journal =      sicomp,
  volume =       {37},
  number =       {2},
  pages =        {584--610}, 
  year =         {2007}
}

@InProceedings{cdilm08,
  author =	 {S. Collette and V. Dujmovi\'c and J. Iacono and S. Langerman and P. Morin},
  title =	 {Distribution-Sensitive Point Location in Convex Subdivisions},
  booktitle =    soda08,
  pages =        {912--921},
  year =         {2008},
}

@InProceedings{i01,
  author = 	 {J. Iacono},
  title = 	 {Optimal Planar Point Location},
  booktitle =	 soda01,
  pages =	 {240--241},
  year =	 2001
}

@Article{i04,
  author = 	 {J. Iacono},
  title = 	 {Expected asymptotically optimal planar point location},
  journal = 	 cgta,
  year = 	 2004,
  volume =	 29,
  number =	 1,
  pages =	 {19--22}
}

@InProceedings{amm01a,
  author = 	 {S. Arya and T. Malamatos and D. M. Mount},
  title = 	 {Entropy-preserving cuttings and space-efficient planar point location},
  booktitle =	 soda01,
  pages =	 {256--261},
  year =	 2001
}

@InProceedings{amm01b,
  author = 	 {S. Arya and T. Malamatos and D. M. Mount},
  title = 	 {A simple entropy-based algorithm for planar point location},
  booktitle =	 soda01,
  pages =	 {262--268},
  year =	 2001
}

@InProceedings{amm00,
  author = 	 {S. Arya and T. Malamatos and D. M. Mount},
  title = 	 {Nearly optimal expected-case planar point location},
  booktitle =	 focs00,
  pages =	 {208--218},
  year =	 2000
}

@InProceedings{acmr00,
  author = 	 {S. Arya and S. W. Cheng and D. M. Mount and H. Ramesh},
  title = 	 {Efficient expected-case algorithms for planar point location},
  booktitle =	 swat00,
  pages =	 {353--366},
  year =	 2000
}


