@article{lns02,
  author    = {Christos Levcopoulos and
               Giri Narasimhan and
               Michiel H. M. Smid},
  title     = {Improved Algorithms for Constructing Fault-Tolerant Spanners},
  journal   = {Algorithmica},
  volume    = {32},
  number    = {1},
  year      = {2002},
  pages     = {144-156},
  ee        = {http://dx.doi.org/10.1007/s00453-001-0075-x},
  bibsource = {DBLP, http://dblp.uni-trier.de}
}

@inproceedings{l99,
  author    = {Tam{\'a}s Lukovszki},
  title     = {New Results of Fault Tolerant Geometric Spanners},
  booktitle = {WADS},
  year      = {1999},
  pages     = {193-204},
  ee        = {http://dx.doi.org/10.1007/3-540-48447-7_20},
  crossref  = {DBLP:conf/wads/1999},
  bibsource = {DBLP, http://dblp.uni-trier.de}
}
@proceedings{DBLP:conf/wads/1999,
  editor    = {Frank K. H. A. Dehne and
               Arvind Gupta and
               J{\"o}rg-R{\"u}diger Sack and
               Roberto Tamassia},
  title     = {Algorithms and Data Structures, 6th International Workshop,
               WADS '99, Vancouver, British Columbia, Canada, August 11-14,
               1999, Proceedings},
  booktitle = {WADS},
  publisher = {Springer},
  series    = {Lecture Notes in Computer Science},
  volume    = {1663},
  year      = {1999},
  isbn      = {3-540-66279-0},
  bibsource = {DBLP, http://dblp.uni-trier.de}
}

@article{cz04,
  author    = {Artur Czumaj and
               Hairong Zhao},
  title     = {Fault-Tolerant Geometric Spanners},
  journal   = {Discrete {\&} Computational Geometry},
  volume    = {32},
  number    = {2},
  year      = {2004},
  pages     = {207-230},
  ee        = {http://www.springerlink.com/index/10.1007/s00454-004-1121-7},
  bibsource = {DBLP, http://dblp.uni-trier.de}
}

@book{ns07,
  author    = {Giri Narasimhan and
               Michiel H. M. Smid},
  title     = {Geometric spanner networks},
  publisher = {Cambridge University Press},
  year      = {2007},
  bibsource = {DBLP, http://dblp.uni-trier.de}
}

@InCollection{e99,
  author	= {David Eppstein},
  title		= {Spanning trees and spanners},
  editor	= {J{\"o}rg-Rudiger Sack and Jorge Urrutia},
  booktitle	= {Handbook of Computational Geometry},
  publisher	= {Elsevier},
  year		= {1999},
  chapter	= {9},
  pages		= {425--461}
}

@Article{hlw06,
  author        = {Shlomo Hoory and Nathan Linial and Avi Wigderson},
  title         = {Expander graphs and their applications},
  journal       = {Bulletin of the American Mathematical Society},
  volume        = {43},
  pages         = {439--561},
  year          = {2006}
}
  
@inproceedings{admss95,
  author    = {Sunil Arya and
               Gautam Das and
               David M. Mount and
               Jeffrey S. Salowe and
               Michiel H. M. Smid},
  title     = {Euclidean spanners: short, thin, and lanky},
  booktitle = {STOC},
  year      = {1995},
  pages     = {489-498},
  ee        = {http://doi.acm.org/10.1145/225058.225191},
  crossref  = {DBLP:conf/stoc/STOC27},
  bibsource = {DBLP, http://dblp.uni-trier.de}
}

@proceedings{DBLP:conf/stoc/STOC27,
  editor    = {Frank Thomson Leighton and
               Allan Borodin},
  title     = {Proceedings of the Twenty-Seventh Annual ACM Symposium on
               Theory of Computing, 29 May-1 June 1995, Las Vegas, Nevada,
               USA},
  booktitle = {STOC},
  publisher = {ACM},
  year      = {1995},
  isbn      = {0-89791-718-9},
  bibsource = {DBLP, http://dblp.uni-trier.de}
}

@misc{s12,
  author    = {Michiel Smid},
  title     = {Notes on Binary Dumbbell Trees},
  year      = {2012},
  url       = {http://people.scs.carleton.ca/~michiel/dumbbelltrees.pdf},
  lastchecked = {2012-03-27}
}


@incollection{b08,
  author    = {Hans L. Bodlaender},
  title     = {Treewidth of Graphs},
  booktitle = {Encyclopedia of Algorithms},
  year      = {2008},
  ee        = {http://dx.doi.org/10.1007/978-0-387-30162-4_431},
  crossref  = {DBLP:reference/algo/2008},
  bibsource = {DBLP, http://dblp.uni-trier.de}
}
@book{DBLP:reference/algo/2008,
  editor    = {Ming-Yang Kao},
  title     = {Encyclopedia of Algorithms},
  publisher = {Springer},
  year      = {2008},
  isbn      = {978-0-387-30162-4},
  bibsource = {DBLP, http://dblp.uni-trier.de}
}

@article{b98,
  author    = {Hans L. Bodlaender},
  title     = {A Partial {\it k}-Arboretum of Graphs with Bounded Treewidth},
  journal   = {Theor. Comput. Sci.},
  volume    = {209},
  number    = {1-2},
  year      = {1998},
  pages     = {1-45},
  ee        = {http://dx.doi.org/10.1016/S0304-3975(97)00228-4},
  bibsource = {DBLP, http://dblp.uni-trier.de}
}

@book{k94,
  title={Treewidth: Computations And Approximations},
  author={Ton Kloks},
  isbn={9783540583561},
  lccn={94031558},
  series={Lecture Notes in Computer Science},
  year={1994},
  publisher={Springer-Verlag}
}

@inproceedings{b07,
  author    = {Hans L. Bodlaender},
  title     = {Treewidth: Structure and Algorithms},
  booktitle = {SIROCCO},
  year      = {2007},
  pages     = {11-25},
  ee        = {http://dx.doi.org/10.1007/978-3-540-72951-8_3},
  crossref  = {DBLP:conf/sirocco/2007},
  bibsource = {DBLP, http://dblp.uni-trier.de}
}
@proceedings{DBLP:conf/sirocco/2007,
  editor    = {Giuseppe Prencipe and
               Shmuel Zaks},
  title     = {Structural Information and Communication Complexity, 14th
               International Colloquium, SIROCCO 2007, Castiglioncello,
               Italy, June 5-8, 2007, Proceedings},
  booktitle = {SIROCCO},
  publisher = {Springer},
  series    = {Lecture Notes in Computer Science},
  volume    = {4474},
  year      = {2007},
  isbn      = {978-3-540-72918-1},
  bibsource = {DBLP, http://dblp.uni-trier.de}
}


