@article{aiks89,
 author = {Alok Aggarwal and Hiroshi Imai and Naoki Katoh and Subhash Suri},
 title = {Finding k points with minimum diameter and related problems},
  journal = {Journal of Algorithms},
  volume = {12},
  pages = {38--56},
  year = {1991}
}

@article{ddg83,
 author = {David Dobkin and Robert Drysdale and Leo Guibas},
 title = {Finding smallest polygons},
  journal = {Computational Geometry},
  volume = {1},
  pages = {181--214},
  year = {1983}
}

@article{eorw92,
 author = {David Eppstein and Mark Overmars and G{\"u}nter Rote and Gerhard Woeginger},
 title = {Finding Minimum Area k-gons},
  journal = {Discrete and Computational Geometry},
  volume = {7},
  pages = {45--58},
  year = {1992}
}

@inproceedings{ e93,
    author = "David Eppstein",
    title = "New Algorithms for Minimum Area k-gons",
    booktitle = "{SODA}: {ACM}-{SIAM} Symposium on Discrete Algorithms",
    year = "1992"
}

@book{knuth-graham-patashnik,
  author = "R.L. Graham and D.E. Knuth and O. Patashnik",
  title = "Concrete Mathematics: A Foundation for Computer Science, Second Edition",
  publisher = "Addison-Wesley",
  year = "1994"
}

@Article{go95,
  author = 	 {A. Gajentaan and M. H. Overmars},
  title = 	 {On a class of {$O(n^2)$} problems in computational geometry},
  journal = 	 {Computational Geometry: Theory and Applications},
  year = 	 1995,
  volume =	 5,
  number =	 3,
  pages =	 {165--185}
}

@article{gor96,
  author =	 "L. J. Guibas and M. H. Overmars and J.-M. Robert",
  title =	 "The exact fitting problem for points",
  journal =	 "Computational Geometry: Theory and Applications",
  volume =	 6,
  year =	 1996,
  pages =	 "215--230"
}

@Article{c85,
  author = 	 {B. Chazelle},
  title = 	 {On the convex layers of a planar set},
  journal = 	 {IEEE Transactions on Information Theory},
  year = 	 1985,
  volume =	 31,
  pages =	 {509--517}
}

@Article{hs92,
  author = 	 {J. Hershberger and S. Suri},
  title = 	 {Applications of a semi-dynamic convex hull algorithm},
  journal = 	 {BIT},
  year = 	 1992,
  volume =	 32,
  pages =	 {249--267}
}

@InBook{,
  ALTauthor = 	 {J. Eckhoff},
  ALTeditor = 	 {},
  title = 	 {},
  chapter = 	 {},
  publisher = 	 {},
  year = 	 {},
  OPTkey = 	 {},
  OPTvolume = 	 {},
  OPTnumber = 	 {},
  OPTseries = 	 {},
  OPTtype = 	 {},
  OPTaddress = 	 {},
  OPTedition = 	 {},
  OPTmonth = 	 {},
  OPTpages = 	 {},
  OPTnote = 	 {},
  OPTannote = 	 {}
}

@InCollection{eckhoff93,
  author = 	 {J. Eckhoff},
  title = 	 {Helly, Radon, and Carath{\'e}odory Type Theorems},
  booktitle = 	 {Handbook of Convex Geometry},
  pages =	 {389--448},
  publisher =	 {North-Holland},
  year =	 1993,
  volume =       {B},
  editor =	 {P. M. Gruber and J. M. Wills},
  chapter =	 {2.1}
}

