


@String{tcj = {The Computer Journal}}
@String{vldb78 = {Proceedings of the 4th International Conference on Very Large Data
                 Bases (VLDB'80)}}
@String{vldb80 = {Proceedings of the 6th International Conference on Very Large Data
                 Bases (VLDB'80)}}
@String{vldb84 = {Proceedings of the 10th International Conference on Very Large Data
                 Bases (VLDB'80)}}
@String{icalp90 = {Proceedings of the 17th International Colloquium on Automata, Languages, and Programming (ICALP'90)}}
@String{icalp92 = {Proceedings of the 19th International Colloquium on Automata, Languages, and Programming (ICALP'92)}}
@String{acmtodbs = {ACM Transactions on Database Systems}}
@String{infosci = {Information Sciences}}
@String{bit = {Bit}}
@String{tcj = {The Computer Journal}}
@String{tcs = {Theoretical Computer Science}}
@String{eurojcomb = {European Journal of Combinatorics}}
@String{jcss = {Journal of Computer and System Sciences}}
@String{ibmjrd = "IBM Journal of Research and Development"}
@String{algorithmica = {Algorithmica}}
@String{jalg = {Journal of Algorithms}}
@String{stoc92 = {Proceedings of the 24th ACM Symposium on the Theory of Computing (STOC'92)}}

@String{focs85 = {Proceedings of the 26th Annual IEEE Symposium on Foundations of Computer Science (FOCS'85)}}
@String{focs99 = {Proceedings of the 40th Annual IEEE Symposium on Foundations of Computer Science (FOCS'99)}}
@String{siamjam = {SIAM Journal of Applied Mathematics}}
@String{esa2001 = {Proceedings of the 9th Annual European Symposium on Algorithms (ESA~2001)}}

@String{ibmsysj = {IBM Sysmtems Journal}}

@Article{aa79,
  author =	 "M. R. Anderson and M. G. Anderson",
  title =	 "Comments on Perfect Hashing Functions: {A} Single
                  Probe Retrieving Method for Static Sets",
  journal =	 cacm,
  volume =	 "22",
  number =	 "2",
  pages =	 "104",
  year =	 "1979",
}

@Article{abku99,
  author =	 {Y. Azar and A. Z. Broder and A. R. Karlin and
                  E. Upfal},
  title =	 {Balanced Allocations},
  journal =	 sicomp,
  year =	 1999,
  volume =	 {29},
  number =	 {1},
  pages =	 {180--200}
}

@Article{ak74,
  author =	 "O. Amble and D. E. Knuth",
  title =	 "Ordered Hash Tables",
  journal =	 tcj,
  volume =	 "17",
  number =	 "2",
  pages =	 "135--142",
  year =	 "1974",
}

@Article{b63,
  author =	 "W. Buchholz",
  title =	 "File Organization and Addressing",
  journal =	 ibmsysj,
  volume =	 "2",
  number =	 "1",
  pages =	 "86--111",
  year =	 "1963",
}

@Article{b73,
  author =	 {R. P. Brent},
  title =	 {Reducing the Storage Time of Scatter Storage
                  Techniques},
  journal =	 cacm,
  year =	 1973,
  volume =	 16,
  number =	 2,
  pages =	 {105--109}
}

@Article{bbdo86,
  author =	 "F. Berman and M. E. Bock and E. Dittert and
                  M. J. O'Donnell and D. Plank",
  title =	 "Collections of Functions for Perfect Hashing",
  journal =	 sicomp,
  volume =	 "15",
  number =	 "2",
  pages =	 "604--618",
  year =	 "1986",
}

@Article{bm99,
  author =	 {A. Brodnik and J. I. Munro},
  title =	 {Membership in Constant Time and Almost Minimum
                  Space},
  journal =	 sicomp,
  year =	 1999,
  volume =	 28,
  pages =	 {1627--1640}
}

@Article{c52,
  author =	 {H. Chernoff},
  title =	 {A Measure of the Asymptotic Efficient of Tests of a
                  Hypothesis based on the Sum of Observations},
  journal =	 {Annals of Mathematical Statistics},
  year =	 1952,
  volume =	 23,
  pages =	 {493--507}
}

@Article{c80a,
  author =	 "R. J. Cichelli",
  title =	 "On {Cichelli}'s Minimal Perfect Hash Functions
                  Method",
  journal =	 cacm,
  volume =	 "23",
  number =	 "12",
  pages =	 "728--729",
  year =	 "1980",
}

@Article{c80b,
  author =	 "R. J. Cichelli",
  title =	 "Minimal Perfect Hash Functions Made Simple",
  journal =	 cacm,
  volume =	 "23",
  number =	 "1",
  pages =	 "17--19",
  year =	 "1980",
}

@Article{c84a,
  author =	 "C. C. Chang",
  title =	 "An Ordered Minimal Perfect Hashing Scheme Based Upon
                  {Euler's} Theorem",
  journal =	 infosci,
  volume =	 "32",
  number =	 "3",
  pages =	 "165--172",
  year =	 "1984",
}

@Article{c84b,
  author =	 "C. C. Chang",
  title =	 "The Study of an Ordered Minimal Perfect Hashing
                  Scheme",
  journal =	 cacm,
  volume =	 "27",
  number =	 "4",
  pages =	 "384--387",
  year =	 "1984",
}

@TechReport{c86,
  author =	 {P. Celis},
  title =	 {{R}obin {H}ood Hashing},
  institution =	 {Computer Science Department, University of Waterloo},
  year =	 1986,
  number =	 {CS-86-14}
}

@TechReport{chm92,
  author =	 "Z. J. Czech and G. Havas and B. S. Majewski",
  title =	 "An Optimal Algorithm for Generating Minimal Perfect
                  Hash Functions",
  number =	 "92-24",
  institution =	 "Center for Discrete Mathematics and Theoretical
                  Computer Science (DIMACS) at Rutgers University, New
                  Jersey",
  year =	 "1992",
}

@Article{chm97,
  author =	 "Z. J. Czech and G. Havas and B. S. Majewski",
  title =	 "Perfect hashing",
  journal =	 tcs,
  volume =	 "182",
  number =	 "1-2",
  pages =	 "1--143",
  day =		 "15",
  year =	 "1997",
}

@InProceedings{clm85,
  author =	 {P. Celis and P.-{\AA}. Larson and J. I. Munro},
  title =	 {{R}obin {H}ood Hashing},
  booktitle =	 focs85,
  pages =	 {281--288},
  year =	 1985,
  publisher =	 {IEEE Press}
}

@Book{clrs01,
  author =	 {T. H. Cormen and C. E. Leiserson and R. L. Rivest
                  and C. Stein},
  title =	 {Introduction to Algorithms},
  publisher =	 {MIT Press},
  year =	 2001,
  address =	 {Cambridge, Massachussetts},
  edition =	 {2nd}
}

@Article{cm93,
  author =	 "Z. J. Czech and B. S. Majewski",
  title =	 "A Linear Time Algorithm for Finding Minimal Perfect
                  Hash Functions",
  journal =	 tcj,
  volume =	 "36",
  number =	 "6",
  pages =	 "579--587",
  year =	 "1993",
}

@InProceedings{cw77,
  author =	 "J. L. Carter and M. N. Wegman",
  key =		 "Carter \& Wegman",
  title =	 "Universal Classes of Hash Functions",
  booktitle =	 stoc77,
  pages =	 "106--112",
  year =	 "1977",
  publisher =	 "ACM Press",
}

@Article{cw79,
  author =	 "J. L. Carter and M. N. Wegman",
  title =	 "Universal Classes of Hash Functions",
  journal =	 jcss,
  volume =	 "18",
  number =	 "2",
  pages =	 "143--154",
  year =	 "1979",
}

@Article{d56,
  author =	 {A. I. Dumey},
  title =	 {Indexing for rapid random access memory systems},
  journal =	 {Computers and Automation},
  year =	 1956,
  volume =	 5,
  number =	 12,
  pages =	 {6--9}
}

@Article{d85,
  author =	 {L. Devroye},
  title =	 {The Expected Length of the Longest Probe Sequence
                  When the Distribution is Not Uniform},
  journal =	 jalg,
  year =	 1985,
  volume =	 6,
  pages =	 {1--9}
}

@InProceedings{dgmp92,
  author =	 "M. Dietzfelbinger and J. Gil and Y. Matias and
                  N. Pippenger",
  title =	 "Polynomial Hash Functions Are Reliable",
  booktitle =	 icalp92,
  pages =	 "235--246",
  year =	 "1992",
}

@Article{dkmm94,
  author =	 {M. Dietzfelbinger and A. R. Karlin and K. Mehlhorn
                  and F. Meyer auf der Heide and H. Rohnert and
                  R. E. Tarjan},
  title =	 {Dynamic Perfect Hashing: Upper and Lower Bounds},
  journal =	 sicomp,
  year =	 1994,
  volume =	 23,
  number =	 4,
  pages =	 {738--761}
}

,
}
@Article{dm02,
  author =	 {L. Devroye and P. Morin},
  title =	 {Cuckoo hashing: Further analysis},
  journal =	 ipl,
  volume =	 {86},
  number =	 {4},
  pages =	 {215--219},
  year =	 2002,
}

@InProceedings{dm90,
  author =	 "M. Dietzfelbinger and F. Meyer auf der Heide",
  title =	 "A New Universal Class of Hash Functions and Dynamic
                  Hashing in Real Time",
  booktitle =	 icalp90,
  pages =	 "6--19",
  year =	 "1990",
}

@Article{dmv03,
  author =	 {L. Devroye and P. Morin and A. Viola},
  title =	 {On worst case {R}obin-{H}ood hashing},
  journal =	 sicomp,
  note =	 {To appear}
}

@Article{e58,
  author =	 {A. P. Ershov},
  title =	 {On Programming of Arithmetic Operations},
  journal =	 {Doklady Akademii Nauk SSSR},
  year =	 1958,
  volume =	 118,
  number =	 {3},
  pages =	 {427--430}
}

@Book{f68,
  author =	 {W. Feller},
  title =	 {An Introduction to Probability Theory and its
                  Applications},
  publisher =	 {Jonh Wiley {\&} Sons},
  year =	 1968,
  address =	 {New York}
}

@Article{fks84,
  author =	 {M. L. Fredman and J. Koml{\'o}s and
                  E. Szemer{\'e}di},
  title =	 {Storing a Sparse Table with {$O(1)$} Worst Case
                  Access Time},
  journal =	 jacm,
  year =	 1984,
  volume =	 31,
  number =	 3,
  pages =	 {538--544}
}

@Article{fnps79,
  author =	 "R. Fagin and J. Nievergelt and N. Pippenger and
                  H. R. Strong",
  key =		 "Fagin et al.",
  title =	 "Extendible Hashing --- a Fast Access Method for
                  Dynamic Files",
  journal =	 acmtodbs,
  volume =	 "4",
  number =	 "3",
  pages =	 "315--344",
  year =	 "1979",
}

@Article{g81,
  author =	 {G. H. Gonnet},
  title =	 {Expected Length of the Longest Probe Sequence in
                  Hash Code Searching},
  journal =	 jacm,
  year =	 1981,
  pages =	 {289--304}
}

@Book{g84,
  author =	 "G. H. Gonnet",
  title =	 "Handbook of Algorithms and Data Structures",
  publisher =	 "Ad{\-d}i{\-s}on-Wes{\-l}ey",
  address =	 "Reading, MA, USA",
  year =	 "1984",
}

@Book{gb-y91,
  author =	 "G. H. Gonnet and R. Baeza-Yates",
  title =	 "Handbook of Algorithms and Data Structures: in
                  {Pascal} and {C}",
  publisher =	 "Addison-Wesley",
  address =	 "Reading, MA, USA",
  edition =	 "2nd",
  pages =	 "xiv + 424",
  year =	 "1991",
}

@InProceedings{gm77,
  author =	 "G. H. Gonnet and J. I. Munro",
  title =	 "The analysis of an improved hashing technique",
  booktitle =	 stoc77,
  pages =	 "113--121",
  year =	 "1977",
  publisher =	 "ACM Press",
}

@Article{gm79,
  author =	 {G. H. Gonnet and J. I. Munro},
  title =	 {Efficient Ordering of Hash Tables},
  journal =	 sicomp,
  year =	 1979,
  volume =	 8,
  number =	 3,
  pages =	 {463--478}
}

@Article{gs89,
  author =	 "M. Gori and G. Soda",
  title =	 "An algebraic approach to {Cichelli}'s perfect
                  hashing",
  journal =	 bit,
  volume =	 "29",
  number =	 "1",
  pages =	 "2--13",
  year =	 "1989",
}

@Book{jk77,
  author =	 {N. L. Johnson and S. Kotz},
  title =	 {Urn Models and Their Applications},
  publisher =	 {John Wiley {\&} Sons},
  year =	 1977,
  address =	 {New York}
}

@Book{k97,
  author =	 {D. E. Knuth},
  title =	 {The Art of Computer Programming},
  publisher =	 {Addison-Wesley},
  year =	 1997,
  volume =	 3,
  edition =	 {2nd}
}

@InProceedings{klm92,
  author =	 {R. M. Karp and M. Luby and F. Meyer auf der Heide},
  title =	 {Efficient {PRAM} Simulation on a Distributed Memory
                  Machine},
  booktitle =	 stoc92,
  pages =	 {318--326},
  year =	 1992,
  publisher =	 {ACM Press}
}

@TechReport{klm93,
  author =	 "R. Karp and M. Luby and F. Meyer auf der Heide",
  title =	 "Efficient {PRAM} Simulation on a Distributed Memory
                  Machine",
  number =	 "TR-93-040",
  institution =	 {International Computer Science Institute},
  address =	 {Berkeley, CA, USA},
  year =	 "1993",
}

@Article{km88,
  author =	 "J. K{\"o}rner and K. Marton",
  title =	 "New Bounds for Perfect Hashing via Information
                  Theory",
  journal =	 eurojcomb,
  volume =	 "9",
  number =	 "6",
  pages =	 "523--530",
  day =		 "1",
  year =	 "1988",
}

@Book{ksc78,
  author =	 {V. F. Kolchin and B. A. Sevastyanov and
                  V. P. Chistyakov},
  title =	 {Random Allocations},
  publisher =	 {John Wiley {\&} Sons},
  year =	 1978,
  address =	 {New York}
}

@Article{kw66,
  author =	 {A. G. Konheim and B. Weiss},
  title =	 {An Occupancy Discipline and Its Applications},
  journal =	 siamjam,
  year =	 1966,
  volume =	 14,
  pages =	 {1266--1274}
}

@InProceedings{kz84,
  author =	 "P. Kjellberg and T. U. Zahle",
  booktitle =	 vldb84,
  title =	 "Cascade Hashing",
  pages =	 "481--492",
  year =	 "1984",
  publisher =	 "Morgan Kaufmann",
}

@Article{l78,
  author =	 "P.-{\AA}. Larson",
  title =	 "Dynamic Hashing",
  journal =	 bit,
  volume =	 "18",
  number =	 "2",
  pages =	 "184--201",
  year =	 "1978",
}

@InProceedings{l80,
  author =	 "W. Litwin",
  title =	 "Linear Hashing: {A} New Tool for File and Table
                  Addressing",
  booktitle =	 vldb80,
  pages =	 "212--223",
  year =	 "1980",
  publisher =	 "IEEE Computer Society",
}

@InProceedings{lit78,
  author =	 "W. Litwin",
  key =		 "Litwin",
  title =	 "Virtual Hashing: {A} Dynamically Changing Hashing",
  booktitle =	 vldb78,
  pages =	 "517--523",
  year =	 "1978",
  publisher =	 "IEEE Computer Society",
}

@Article{lyon78,
  author =	 {G. E. Lyon},
  title =	 {Packed Scatter Tables},
  journal =	 cacm,
  year =	 1978,
  volume =	 21,
  number =	 10,
  pages =	 {857--865}
}

@Article{m68,
  author =	 "R. Morris",
  title =	 "Scatter Storage Techniques",
  journal =	 cacm,
  volume =	 "11",
  number =	 "1",
  pages =	 "38--44",
  year =	 "1968",
}

@Article{m77,
  author =	 {E. G. Mallach},
  title =	 {Scatter Storage Techniques: A Unifying Viewpoint and
                  a Method for Reducing Retrieval Times},
  journal =	 tcj,
  year =	 1977,
  volume =	 20,
  number =	 2,
  pages =	 {137--140}
}

@Article{m85,
  author =	 "J. K. Mullin",
  title =	 "Spiral Storage: Efficient Dynamic Hashing with
                  Constant Performance",
  journal =	 tcj,
  volume =	 "28",
  number =	 "3",
  pages =	 "330--334",
  year =	 "1985",
}

@InProceedings{mc99,
  author =	 {J. I. Munro and P. Celis},
  title =	 {Techniques for collision resolution in hash tables
                  with open addressing},
  booktitle =	 {Proceedings of 1986 Fall Joint Computer Conference},
  pages =	 {601--610},
  year =	 1999,
  publisher =	 {ACM Press},
}

@InCollection{mrs01,
  author =	 {M. Mitzenmacher and A. W. Richa and R. Sitaraman},
  editor =	 {P. Pardalos and S. Rajasekaran and J. Rolim},
  title =	 {The Power of Two Random Choices: A Survey of
                  Techniques and Results},
  booktitle =	 {Handbook of Randomized Computing},
  chapter =	 9,
  publisher =	 {Kluwer},
  year =	 2001,
  volume =	 1,
}

@TechReport{mwch92,
  author =	 "B. S. Majewski and N. C. Wormald and Z. J. Czech and
                  G. Havas",
  title =	 "A Family of Generators of Minimal Perfect Hash
                  Functions",
  number =	 "92-16",
  institution =	 "Center for Discrete Mathematics and Theoretical
                  Computer Science (DIMACS) at Rutgers University, New
                  Jersey",
  year =	 "1992",
}

@Article{p57,
  author =	 "W. W. Peterson",
  title =	 "Addressing for random-access storage",
  journal =	 ibmjrd,
  volume =	 "1",
  number =	 "2",
  pages =	 "130--146",
  year =	 "1957",
}

@InProceedings{p76,
  author =	 {G. Poonan},
  title =	 {Optimal Placement of Entries in Hash Tables},
  booktitle =	 {ACM Computer Science Conference (Abstract Only)},
  year =	 1976,
  volume =	 25,
  note =	 {(Also DEC Internal Tech. Rept. LRD-1, Digital
                  Equipment Corp. Maynard Mass)}
}

@MastersThesis{p77,
  author =	 {P. V. Poblete},
  title =	 {Studies on Hash Coding with Open Addressing},
  school =	 {University of Waterloo},
  year =	 1977,
  type =	 {M. {M}ath {E}ssay}
}

@Article{pm89,
  author =	 {P. V. Poblete and J. Ian Munro},
  title =	 {Last-Come-First-Served Hashing},
  journal =	 jalg,
  year =	 1989,
  volume =	 10,
  pages =	 {228--248}
}

@InProceedings{pr01,
  author =	 {R. Pagh and F. F. Rodler},
  title =	 {Cuckoo Hashing},
  booktitle =	 esa2001,
  pages =	 {121--133},
  year =	 2001,
  volume =	 2161,
  series =	 {Lecture Notes in Computer Science},
  publisher =	 {Springer-Verlag}
}

@Article{r78,
  author =	 {R. L. Rivest},
  title =	 {Optimal Arrangement of Keys in a Hash Table},
  journal =	 jacm,
  year =	 1978,
  volume =	 25,
  number =	 2,
  pages =	 {200--209},
}

@Article{s58,
  author =	 {S. {\'S}wierczkowski},
  title =	 {On Successive Settings of an Arc on the
                  Circumference of a Circle},
  journal =	 {Fundamenta Mathematica},
  year =	 1958,
  volume =	 46,
  pages =	 {187--189}
}

@Article{s77,
  author =	 "R. Sprugnoli",
  title =	 "Perfect Hashing Functions: {A} Single Probe
                  Retrieving Method for Static Sets",
  journal =	 cacm,
  volume =	 "20",
  number =	 "11",
  pages =	 "841--850",
  year =	 "1977",
}

@Article{s85,
  author =	 "T. J. Sager",
  title =	 "A Polynomial Time Generator for Minimal Perfect Hash
                  Functions",
  journal =	 cacm,
  volume =	 "28",
  number =	 "5",
  pages =	 "523--532",
  year =	 "1985",
}

@Article{sos57,
  author =	 {V. T. S{\'o}s},
  title =	 {On the Theory of Diophantine Approximations. I},
  journal =	 {Acta Mathematica Budapest},
  year =	 1957,
  volume =	 8,
  pages =	 {461--471}
}

@Article{sos58,
  author =	 {V. T. S{\'o}s},
  title =	 {---},
  journal =	 {Ann. Univ. Sci. Budapest, E\"otv\"os Sect. Math.},
  year =	 1958,
  volume =	 1,
  pages =	 {127--134}
}

@Article{ty79,
  author =	 "R. E. Tarjan and A. C.-C. Yao",
  title =	 "Storing a Sparse Table",
  journal =	 cacm,
  volume =	 "22",
  number =	 "11",
  pages =	 "606--611",
  year =	 "1979",
}

@InProceedings{v99,
  author =	 {B. V{\"o}cking},
  title =	 {How Asymmetry Helps Load Balancing},
  booktitle =	 focs99,
  pages =	 {131--140},
  year =	 1999,
  publisher =	 {IEEE Press}
}

@Book{vc87,
  author =	 "J. S. Vitter and W.-C. Chen",
  title =	 "The Design and Analysis of Coalesced Hashing",
  publisher =	 "Oxford University Press",
  address =	 {Oxford, UK},
  year =	 "1987",
}

@InCollection{vf90,
  author =	 {J. S. Vitter and P. Flajolet},
  title =	 {Analysis of Algorithms and Data Structures},
  booktitle =	 {Handbook of Theoretical Computer Science},
  pages =	 {431--524},
  publisher =	 {North Holland},
  year =	 1990,
  editor =	 {J. van Leeuwen},
  volume =	 {A: Algorithms and Complexity},
  chapter =	 9
}

@Article{vp98,
  author =	 {A. Viola and P. V. Poblete},
  title =	 {Analysis of Linear Probing Hashing with Buckets},
  journal =	 algorithmica,
  year =	 1998,
  volume =	 21,
  pages =	 {37--71}
}

@Article{y81,
  author =	 "A. C.-C. Yao",
  title =	 "Should Tables Be Sorted?",
  journal =	 jacm,
  volume =	 "28",
  number =	 "3",
  pages =	 "615--628",
  year =	 "1981",
}

