@string{jacm = {Journal of the ACM}}

@article{callahan.kosaraju:decomposition,
  author    = {Paul B. Callahan and
               S. Rao Kosaraju},
  title     = {A Decomposition of Multidimensional Point Sets with Applications
               to k-Nearest-Neighbors and n-Body Potential Fields},
  journal   = jacm,
  volume    = {42},
  number    = {1},
  year      = {1995},
  pages     = {67-90},
}

@book{narasimhan.smid:geometric,
  author    = {Giri Narasimhan and Michiel Smid},
  title     = {Geometric Spanner Networks},
  publisher = {Cambridge University Press},
  address   = {New York},
  year      = {2007}
}

@inproceedings{abraham.bartal.ea:metric,
  author    = {Ittai Abraham and
               Yair Bartal and
               Hubert T.-H. Chan and
               Kedar Dhamdhere and
               Anupam Gupta and
               Jon M. Kleinberg and
               Ofer Neiman and
               Aleksandrs Slivkins},
  title     = {Metric Embeddings with Relaxed Guarantees},
  pages     = {83-100},
  booktitle     = {Proceedings of the 46th Annual IEEE Symposium on Foundations of Computer Science
               (FOCS 2005)},
  publisher = {IEEE Computer Society},
  year      = {2005},
  ee        = {http://doi.ieeecomputersociety.org/10.1109/SFCS.2005.51},
  bibsource = {DBLP, http://dblp.uni-trier.de}
}

@inproceedings{abraham.bartal.ea:embedding,
  author    = {Ittai Abraham and
               Yair Bartal and
               Ofer Neiman},
  title     = {Embedding metrics into ultrametrics and graphs into spanning
               trees with constant average distortion},
  booktitle     = {Proceedings of the Eighteenth Annual ACM-SIAM Symposium
               on Discrete Algorithms (SODA 2007)},
  pages     = {502-511},
  editor    = {Nikhil Bansal and
               Kirk Pruhs and
               Clifford Stein},
  publisher = {SIAM},
  year      = {2007},
  ee        = {http://dl.acm.org/citation.cfm?id=1283383.1283437},
  bibsource = {DBLP, http://dblp.uni-trier.de}
}

@inproceedings{bartal:graph,
  author    = {Yair Bartal},
  title     = {Graph Decomposition Lemmas and Their Role in Metric Embedding
               Methods},
  booktitle     = {12th Annual European Symposium on Algorithms (ESA~2004)},
  publisher = {Springer},
  series    = {Lecture Notes in Computer Science},
  volume    = {3221},
  year      = {2004},
  pages     = {89-97},
  ee        = {http://dx.doi.org/10.1007/978-3-540-30140-0_10},
  bibsource = {DBLP, http://dblp.uni-trier.de}
}

@article{fakcharoenphol.rao.ea:tight,
  author    = {Jittat Fakcharoenphol and
               Satish Rao and
               Kunal Talwar},
  title     = {A tight bound on approximating arbitrary metrics by tree
               metrics},
  journal   = {Journal of Computer and System Sciences},
  volume    = {69},
  number    = {3},
  year      = {2004},
  pages     = {485-497},
  ee        = {http://dx.doi.org/10.1016/j.jcss.2004.04.011},
  bibsource = {DBLP, http://dblp.uni-trier.de}
}

@article{aldous.kendall:short,
  author    = {David J. Aldous and Wilfrid S. Kendall},
  title     = {Short-length routes in low-cost networks via Poisson line patterns},
  journal   = {Advanced in Applied Probability},
  volume    = {40},
  number    = {1},
  year      = {2008},
  pages     = {1--21},
  publisher = {Applied Probability Trust}
}

@inproceedings{bose.dujmovic.ea:robust,
  author    = {Prosenjit Bose and Vida Dujmovi\'c and Pat Morin and Michiel Smid},
  title     = {Robust Geometric Spanners},
  booktitle = {Proceedings of the Twenty-Ninth ACM Symposium on Computational Geometry (SoCG 2013)},
  publisher = {ACM Press},
  year      = {2013}
}

