@article{rwz09,
  author    = {P. von Rickenbach and
               R. Wattenhofer and
               A. Zollinger},
  title     = {Algorithmic models of interference in wireless ad hoc and
               sensor networks},
  journal   = {IEEE/ACM Transactions on Networking},
  volume    = {17},
  number    = {1},
  year      = {2009},
  pages     = {172-185},
}

@article{ht08,
  author    = {M. M. Halld{\'o}rsson and
               T. Tokuyama},
  title     = {Minimizing interference of a wireless ad-hoc network in
               a plane},
  journal   = {Theoretical Computer Science},
  volume    = {402},
  number    = {1},
  year      = {2008},
  pages     = {29-42},
  ee        = {http://dx.doi.org/10.1016/j.tcs.2008.03.003},
  bibsource = {DBLP, http://dblp.uni-trier.de}
}

@Article{tma09,
  author =       {X. Ta, G. Mao and B. D. O. Anderson},
  title =        {On the Phase Transition Width of {$K$}-connectivity in Wireless Multi-hop Networks},
  journal =      {IEEE Transactions on Mobile Computing},
  volume =       {8},
  number =       {7},
  pages =        {936--949},
  year =         {2009},
  note =         {To appear}
}


@article{kdh11,
  author    = {M. Khabbazian and
               S. Durocher and
               A. Haghnegahdar},
  title     = {Bounding Interference in Wireless Ad Hoc Networks with Nodes
               in Random Position},
  journal   = {CoRR},
  volume    = {abs/1111.6689},
  year      = {2011},
  ee        = {http://arxiv.org/abs/1111.6689},
  bibsource = {DBLP, http://dblp.uni-trier.de}
}

@article{kdhk15,
  author    = {M. Khabbazian and
               S. Durocher and
               A. Haghnegahdar and
               F. Kuhn},
  title     = {Bounding Interference in Wireless Ad Hoc Networks With Nodes in Random
               Position},
  journal   = {{IEEE/ACM} Trans. Netw.},
  volume    = {23},
  number    = {4},
  pages     = {1078--1091},
  year      = {2015},
  url       = {http://dx.doi.org/10.1109/TNET.2014.2313627},
  doi       = {10.1109/TNET.2014.2313627},
  timestamp = {Thu, 20 Aug 2015 13:55:29 +0200},
  biburl    = {http://dblp.uni-trier.de/rec/bib/journals/ton/KhabbazianDHK15},
  bibsource = {dblp computer science bibliography, http://dblp.org}
}



@article{dm12,
  author    = {L. Devroye and
               P. Morin},
  title     = {A Note on Interference in Random Networks},
  journal   = {CoRR},
  volume    = {abs/1202.5945},
  year      = {2012},
  ee        = {http://arxiv.org/abs/1202.5945},
  bibsource = {DBLP, http://dblp.uni-trier.de}
}


@inproceedings{vR05,
  author    = {P. von Rickenbach and
               S. Schmid and
               R. Wattenhofer and
               A. Zollinger},
  title     = {A Robust Interference Model for Wireless Ad-Hoc Networks},
  booktitle = {IPDPS},
  year      = {2005},
  ee        = {http://doi.ieeecomputersociety.org/10.1109/IPDPS.2005.65},
  crossref  = {DBLP:conf/ipps/2005},
  bibsource = {DBLP, http://dblp.uni-trier.de}
}

@proceedings{DBLP:conf/ipps/2005,
  title     = {19th International Parallel and Distributed Processing Symposium
               (IPDPS 2005), CD-ROM / Abstracts Proceedings, 4-8 April
               2005, Denver, CO, USA},
  booktitle = {IPDPS},
  publisher = {IEEE Computer Society},
  year      = {2005},
  isbn      = {0-7695-2312-9},
  bibsource = {DBLP, http://dblp.uni-trier.de}
}

@Article{c52,
  author =       {H. Chernoff},
  title =        {A Measure of the Asymptotic Efficient of Tests of a
                  Hypothesis based on the Sum of Observations},
  journal =      {Annals of Mathematical Statistics},
  year =         1952,
  volume =       23,
  pages =        {493--507}
}



@Article{msz11,
author      = {A. Maheshwari and M. Smid and N. Zeh},
title       = {Low-interference networks in metric spaces with bounded doubling dimension},
journal     = {Information Processing Letters},
volume      = {111},
number      = {23--24},
pages       = {1120--1123},
year        = {2011},
publisher   = {Elsevier}
}

@article{kkmns10,
  author    = {E. Kranakis and
               D. Krizanc and
               P. Morin and
               L. Narayanan and
               L. Stacho},
  title     = {A Tight Bound on the Maximum Interference of Random Sensors
               in the Highway Model},
  journal   = {CoRR},
  volume    = {abs/1007.2120},
  year      = {2010},
  ee        = {http://arxiv.org/abs/1007.2120},
  bibsource = {DBLP, http://dblp.uni-trier.de}
}

@Book{as08,
  author =       {N. Alon and J. H. Spencer},
  title =        {The Probabilistic Method},
  publisher =    {John Wiley {\&} Sons},
  year =         2008,
  address =      {Hoboken},
  edition =      {Third}
}

@Article{p97,
  author =       {M. D. Penrose},
  title =        {The Longest Edge of the Random Minimal Spanning Tree},
  journal =      {The Annals of Applied Probability},
  volume =       {7},
  number =       {2},
  pages =        {340--361},
  year =         {1997},
} 

@article{lotker.peleg:structure,
  author    = {Z. Lotker and
               D. Peleg},
  title     = {Structure and algorithms in the {SINR} wireless model},
  journal   = {{SIGACT} News},
  volume    = {41},
  number    = {2},
  pages     = {74--84},
  year      = {2010},
}


@inproceedings{devroye.morin:note,
  author    = {L. Devroye and
               P. Morin},
  title     = {A Note on Interference in Random Networks},
  booktitle = {Proceedings of the 24th Canadian Conference on Computational Geometry ({CCCG} 2012)},
  pages     = {193--198},
  year      = {2012},
}

@book{aristotle:physics,
  author    = {Aristotle},
  title     = {Physics},
  volume    = {VI},
  year      = {350 B.C.E.},
  note      = {Translated into English by R. P. Hardie and R. K. Gaye},
  url       = {http://classics.mit.edu/Aristotle/physics.html}
}
