@String{dcg = {Discrete and Computational Geometry}}
@String{cccg99 = {Proceedings of the 11th Canadian Conference on 
                  Computational Geometry (CCCG'99)}}



@InProceedings{bm99a,
  author = 	 {P. Bose and P. Morin},
  title = 	 {Online Routing in Triangulations},
  booktitle = 	 {Proceedings of the Tenth International Symposium 
                  on Algorithms and Computation (ISAAC'99)},
  pages =	 {113--122},
  series =       {Springer LNCS},
  volume =       {1741},
  year =	 1999
}

@Book{be98,
  author =	 {A. Borodin and R. El-Yaniv},
  title = 	 {Online Computation and Competitive Analysis},
  publisher = 	 {Cambridge University Press},
  year = 	 1998
}

@Book{ps85,
  author =	 {F. P. Preparata and M. I. Shamos},
  title = 	 {Computational Geometry},
  publisher = 	 {Springer-Verlag},
  year = 	 1985,
  address =	 {New York}
}

@Article{aack96,
  author = 	 {O. Aichholzer and F. Aurenhammer and S.-W. Cheng and N. Katoh
                  and G. Rote and M. Taschwer and Y.-F. Xu},
  title = 	 {Triangulations Intersect Nicely},
  journal = 	 dcg,
  year = 	 1996,
  volume =	 16,
  number =	 4,
  pages =	 {339--359}
}

@article{CuNeRo96,
author = {P. Cucka and N. S. Netanyahu and A. Rosenfeld},
title = {Learning in navigation: {G}oal finding in graphs},
journal = {International Journal of Pattern Recognition and
  Artificial Intelligence},
volume = 10,
number = 5,
year = 1996,
pages = {429--446}
}

@article{KaPr94,
author = {B. Kalyanasundaram and K. R. Pruhs},
title = {Constructing competitive tours from local information},
journal = {Theoretical Computer Science},
volume = 130,
year = 1994,
pages = {125--138}
}

@article{PaYa91,
author = {C. H. Papadimitriou and M. Yannakakis},
title = {Shortest paths without a map},
journal = {Theoretical Computer Science},
volume = 84,
year = 1991,
pages = {127--150}
}

@InProceedings{ksu99,
  author = 	 {E. Kranakis and H. Singh and J. Urrutia},
  title = 	 {Compass Routing on Geometric Networks},
  booktitle = 	 cccg99,
  year =	 1999,
  url =         {http://www.cs.ubc.ca/conferences/CCCG/elec_proc/c46.ps.gz},
}


@Unpublished{bm00,
  author = 	 {P. Bose and P. Morin},
  title = 	 {Competitive routing algorithms for greedy and 
                  minimum-weight triangulations},
  note = 	 {Manuscript},
  year =         2000
}

@Article{g72,
  author = 	 {R. L. Graham},
  title = 	 {An efficient algorithm for determining the convex 
                  hull of a finite planar set},
  journal = 	 {Information Processing Letters},
  year = 	 1972,
  volume =	 1,
  pages =	 {132--133}
}

