@String{amm = {American Mathematical Monthly}}
@String{mathematika = {Mathematika}}
@String{jalg = {Journal of Algorithms}}
@String{talg = {ACM Transactions on Algorithms}}
@String{algorithmica = {Algorithmica}}
@String{dcg = {Discrete {\&} Computational Geometry}}
@String{ijfcs = {International Journal of Foundations of Computer Science}}
@String{bstj = {Bell Systems Technical Journal}}
@String{soda97 = {Proceedings of the Eighth Annual ACM-SIAM Symposium on Discrete Algorithms}}
@String{soda98 = {Proceedings of the Ninth Annual ACM-SIAM Symposium on Discrete Algorithms}}
@String{soda01 = {Proceedings of the Twelfth Annual ACM-SIAM Symposium on Discrete Algorithms}}
@String{soda08 = {Proceedings of the 19th ACM-SIAM Symposium on Discrete Algorithms (SODA~2008)}}
@String{jsc = {Journal of Symbolic Computation}}
@String{cgta = {Computational Geometry Theory and Applications}}
@String{focs78=  {Proceedings of the 19th Annual IEEE Symposium on Foundations of Computer Science}}
@String{focs00 = {Proceedings of the 41st Annual Symposium on Foundations of Computer Science}}
@String{focs06 = {Proceedings of the 47th Annual Symposium on Foundations of Computer Science}}
@String{swat00 = {Proceedings of the Seventh Scandinavian Workshop on Algorithm Theory}}
@String{socg88 = {Proceedings of the Fourth ACM Symposium on Computational Geometry (SoCG88)}}
@String{aom = {Annals of Mathematics}}


@Article{k83,
  author = 	 {D. Kirkpatrick},
  title = 	 {Optimal Search in Planar Subdivisions},
  journal = 	 sicomp,
  year = 	 1983,
  volume =	 12,
  number =	 1,
  pages =	 {28--35}
}

@Article{st86,
  author = 	 {N. Sarnak and R. E. Tarjan},
  title = 	 {Planar Point Location Using Persistent Search Trees},
  journal = 	 cacm,
  year = 	 1986,
  volume =	 29,
  number =	 7,
  pages =	 {669--679}
}

@Article{egs86,
  author = 	 {H. Edelsbrunner and L. J. Guibas and J. Stolfi},
  title = 	 {Optimal Point Location in a Monotone Subdivision},
  journal = 	 sicomp,
  year = 	 1986,
  volume =	 15,
  number =	 2,
  pages =	 {317--340}
}

@InProceedings{as98,
  author = 	 {U. Adamy and R. Seidel},
  title = 	 {On the Exact Worst Case Query Complexity of Planar Point Location},
  booktitle =	 soda98,
  pages =	 {609--618},
  year =	 1998
}


@InProceedings{m91,
  author = {J. Matou{\v{s}}ek},
  title = {Efficient partition trees},
  booktitle = {Proceedings of the 7th Annual Symposium on Computational Geometry ({SoCG} '91)},
  pages = {1--9},
  year = {1991},
}

@Article{m92,
  author =     {J. Matou{\v{s}}ek},
  title =      {Efficient partition trees},
  journal =    dcg,
  volume =     {8},
  number =     {3},
  pages =      {315--334},
  year =       {1992},
}

@String{soda09 = {Proceedings of the 20th ACM-SIAM Symposium on Discrete Algorithms (SODA~2009)}}
@String{soda08 = {Proceedings of the 19th ACM-SIAM Symposium on Discrete Algorithms (SODA~2008)}}

@TechReport{cdilm09,
  author =	 {S. Collette and V. Dujmovi\'c and J. Iacono and S. Langerman and P. Morin},
  title =	 {Entropy, Triangulation, and Point Location in Planar Subdivisions},
  month =        {March},
  institution =  {arXiv},
  number =       {cs0905.3584},
  url =          {http://arxiv.org/abs/0905.3584},
  year =         {2009},
}

@Article{hw87,
  author =       "D. Haussler and E. Welzl",
  title =        "{$\varepsilon$}-Nets and Simplex Range Queries",
  journal =      "Discrete Computational Geometry",
  volume =       "2",
  pages =        "127--151",
  year =         "1987",
}

@InProceedings{i01,
  author = 	 {J. Iacono},
  title = 	 {Optimal Planar Point Location},
  booktitle =	 soda01,
  pages =	 {240--241},
  year =	 2001
}

@Article{i04,
  author = 	 {J. Iacono},
  title = 	 {Expected asymptotically optimal planar point location},
  journal = 	 cgta,
  year = 	 2004,
  volume =	 29,
  number =	 1,
  pages =	 {19--22}
}

@InProceedings{amm01a,
  author = 	 {S. Arya and T. Malamatos and D. M. Mount},
  title = 	 {Entropy-preserving cuttings and space-efficient planar point location},
  booktitle =	 soda01,
  pages =	 {256--261},
  year =	 2001
}

@InProceedings{amm01b,
  author = 	 {S. Arya and T. Malamatos and D. M. Mount},
  title = 	 {A simple entropy-based algorithm for planar point location},
  booktitle =	 soda01,
  pages =	 {262--268},
  year =	 2001
}

@InProceedings{amm00,
  author = 	 {S. Arya and T. Malamatos and D. M. Mount},
  title = 	 {Nearly optimal expected-case planar point location},
  booktitle =	 focs00,
  pages =	 {208--218},
  year =	 2000
}

@InProceedings{acmr00,
  author = 	 {S. Arya and S. W. Cheng and D. M. Mount and H. Ramesh},
  title = 	 {Efficient expected-case algorithms for planar point location},
  booktitle =	 swat00,
  pages =	 {353--366},
  year =	 2000
}

@InProceedings{dhm09,
  author = 	 {V. Dujmovi\'c and J. Howat and P. Morin},
  title = 	 {Biased range trees},
  booktitle =    soda09,
  year =         {2009},
  pages =        {486--495},
}

@InProceedings{p06,
  author =       {M. P\u{a}tra{\c{s}}cu},
  title =        {Planar Point Location in Sublogarithmic Time},
  booktitle =    focs06,
  pages =        {325-332},
  year =         {2006},
}

@InProceedings{c06,
  author =       {T. M. Chan},
  title =        {Point location in ${o(\log n)}$ time, {V}oronoi
diagrams in ${o(n \log n)}$ time, and other transdichotomous results in
computational geometry},
  booktitle =     focs06,
  pages =        {333--342},
  year =         {2006},
}

@Article{cp09,
  author =       {T. M. Chan and M. P\u{a}tra{\c{s}}cu},
  title =        {Transdichotomous results in computational geometry, I: Point location in sublogarithmic time},
  journal =      sicomp,
  volume =       {39},
  pages =        {703--729},
  year =         {2009},
}

@article{hs95,
  author    = {J. Hershberger and S. Suri},
  title     = {A Pedestrian Approach to Ray Shooting: Shoot a Ray, Take
               a Walk},
  journal   = jalg,
  volume    = {18},
  number    = {3},
  year      = {1995},
  pages     = {403-431}
}

@Book{as08,
  author =       {N. Alon and J. H. Spencer},
  title =        {The Probabilistic Method},
  publisher =    {John Wiley {\&} Sons},
  year =         2008,
  address =      {Hoboken},
  edition =      {Third}
}

@Article{d82,
  author =       {L. Devroye},
  title =        {Bounds for the Uniform Deviation of Empirical Measures}, 
  journal =      {Journal of Multivariate Analysis},
  volume =       {12},
  pages =        {72--79},
  year =         {1982}
}

@Book{dl01,
  author =       {L. Devroye and G. Lugosi},
  title =        {Combinatorial Methods in Density Estimation},
  publisher =    {Springer-Verlag},
  address =      {New York},
  year =         {2001}
}

@Article{s72,
  author =       {N. Sauer},
  title =        {On the density of families of sets},
  journal =      {Journal of Combinatorial Theory Series A},
  volume =       {13},
  pages =        {145--147},
  year =         {1972}
}

@Article{vc71,
  author =       {V. N. Vapnik and A. Ya. Chervonenkis},
  title =        {On the uniform convergence of relative frequencies of
                  events to their probabilities},
  journal =      {Theory of Probability and its Applications},
  volume =       {16},
  pages =        {264--280},
  year =         {1971}
}

@Article{cw89,
  author =       {B. Chazelle and E. Welzl},
  title =        {Quasi-Optimal Range Searching in Spaces of 
                  Finite {VC}-Dimension},
  journal =      dcg,
  volume =       {4},
  pages =        {467--489},
  year =         {1989}
}

@inproceedings{c88,
   author = {K. L. Clarkson},
   title = {Applications of Random Sampling in Computational Geometry, {II}.},
   booktitle  = socg88,
   address = {Urbana, Illinois},
   month = {June},
   year = {1988},
}

@Article{m70,
  author =         {P. McMullen},
  title =          {The Maximum Number of Faces of a Convex Polytope},
  journal =        mathematika,
  volume =         {17},
  pages =          {179--184},
  year =           {1970}
}

@Article{d50,
  author =         {R. P. Dilworth},
  title =          {A Decomposition Theorem for Partially Ordered Sets},
  journal =        aom,
  volume =         {51},
  pages =          {161--166},
  year =           {1950}
}




@String{amm = {American Mathematical Monthly}}
@String{ijfcs = {International Journal of Foundations of Computer Science}}
@String{bstj = {Bell Systems Technical Journal}}
@String{soda97 = {Proceedings of the Eighth Annual ACM-SIAM Symposium on Discrete Algorithms}}
@String{soda98 = {Proceedings of the Ninth Annual ACM-SIAM Symposium on Discrete Algorithms}}
@String{soda01 = {Proceedings of the Twelfth Annual ACM-SIAM Symposium on Discrete Algorithms}}
@String{soda08 = {Proceedings of the 19th ACM-SIAM Symposium on Discrete Algorithms (SODA~2008)}}
@String{jsc = {Journal of Symbolic Computation}}
@String{cgta = {Computational Geometry Theory and Applications}}
@String{focs00 = {Proceedings of the 41st annual Symposium on Foundations of Computer Science}}
@String{focs06 = {Proceedings of the 47st annual Symposium on Foundations of Computer Science}}
@String{swat00 = {Proceedings of the seventh Scandinavian Workshop on Algorithm Theory}}

@Article{dl76,
  author = 	 {D. Dobkin and R. Lipton},
  title = 	 {Multidimensional Searching Problems},
  journal = 	 sicomp,
  year = 	 1976,
  volume =	 5,
  pages =	 {181--186}
}

@Article{lp77,
  author = 	 {D. T. Lee and F. P. Preparata},
  title = 	 {Location of a point in a planar subdivision and its applications},
  journal = 	 sicomp,
  year = 	 1977,
  volume =	 6,
  pages =	 {594--606}
}

@Article{p81,
  author = 	 {F. P. Preparata},
  title = 	 {A New Approach to Planar Point Location},
  journal = 	 sicomp,
  year = 	 1981,
  volume =	 10,
  pages =	 {473--483}
}


@Article{m90,
  author = 	 {K. Mulmuley},
  title = 	 {A Fast Planar Partition Algorithm},
  journal = 	 jsc,
  year = 	 1990,
  volume =	 10,
  pages =	 {253--280}
}

@Article{p90,
  author = 	 {F. P. Preparata},
  title = 	 {Planar Point Location Revisited: A Guided Tour of a Decade of Research},
  journal = 	 ijfcs,
  year = 	 1990,
  volume =	 1,
  number =	 1,
  pages =	 {71--86}
}

@InProceedings{gor97,
  author = 	 {M. Goodrich and M. Orletsky and K. Ramaiyer},
  title = 	 {Methods for Achieving Fast Query Times in Point Location Data Structures},
  booktitle =	 soda97,
  pages =	 {757--766},
  year =	 1997
}

@Article{s48,
  author = 	 {C. E. Shannon},
  title = 	 {A mathematical theory of communication},
  journal = 	 bstj,
  year = 	 1948,
  pages =	 {379--423 and 623-656}
}

@Book{ps85,
  author =       {F. P. Preparata and M. I. Shamos},
  title =        {Computational Geometry: An Introduction},
  publisher =    {Springer-Verlag},
  year =         1985,
  address =      {New-York}
}

@Article{k92,
  author = 	 {D. E. Knuth},
  title = 	 {Two Notes on Notation},
  journal = 	 amm,
  year = 	 1992,
  volume =	 99,
  number =	 5
}

@article{m75,
        Author = {K. Mehlhorn},
        Journal = {Acta Informatica},
        Pages = {287-295},
        Title = {Nearly optimal binary search trees},
        Volume = {5},
        Year = {1975}
}

@Article{bz04,
  author = 	 {W. A. Beyer and A. Zardecki},
  title = 	 {The Early History of the Ham Sandwich Theorem},
  journal = 	 {American Mathematical Monthly},
  year = 	 2004,
  volume =	 111,
  number =	 1,
  pages =	 {58--61}
}

@Article{j06,
  author =       {J. L. W. V. Jensen},
  title =        {Sur les fonctions convexes and les in\'egalit\'es
                  entre les valeurs moyennes},
  journal =      {Acta Mathematica},
  volume =       {30},
  pages =        {175--193},
  year =         {1906}
}

@Article{ammw07,
  author =       {S. Arya and T. Malamatos and D. M. Mount and K. C. Wong},
  title =        {Optimal Expected-Case Planar Point Location},
  journal =      sicomp,
  volume =       {37},
  number =       {2},
  pages =        {584--610}, 
  year =         {2007}
}

@InProceedings{c06,
  author =       {T. M. Chan},
  title =        {Point location in ${o(\log n)}$ time, {V}oronoi
diagrams in ${o(n \log n)}$ time, and other transdichotomous results in
computational geometry},
  booktitle =     focs06,
  pages =        {333--342},
  year =         {2006},
}

@InProceedings{p06,
  author =       {M. P\u{a}tra{\c{s}}cu},
  title =        {Planar Point Location in Sublogarithmic Time},
  booktitle =    focs06,
  pages =        {325-332},
  year =         {2006},
}

@Book{bcko08,
  title =        {Computational Geometry: Algorithms and Applications},
  author =       {M. de Berg and O. Cheong and M. van Kreveld and M.  Overmars},
  publisher =    {Springer-Verlag},
  edition =      {3rd},
  year =         {2008}
}


@Article{bdhlim07,
  author =	 {P. Bose and E. D. Demaine and F. Hurtado 
                  and S. Langerman and J. Iacono and P. Morin},
  journal =      {Discrete {\&} Computational Geometry},
  title =	 {Geodesic Ham-Sandwich Cuts},
  volume =       {37},
  number =       {3},
  pages =        {325--330},
  year =         {2007},
  note =         {Preliminary version appears
                  in \emph{Proceedings of the Twentieth ACM Symposium 
                  on Computational Geometry (SoCG 2004)}, pages 1-9. 
                  ACM Press, 2004.},
  link =	 {\publink{ps.gz}{cutting/ham-dcg.ps.gz}
                  \publink{pdf}{cutting/ham-dcg.pdf}
                  \publink{citeseer}{http://citeseer.ist.psu.edu/648174.html}},
}

@InProceedings{cdilm08,
  author =	 {S. Collette and V. Dujmovi\'c and J. Iacono and S.
Langerman and P. Morin},
  title =	 {Distribution-Sensitive Point Location in Convex
Subdivisions},
  booktitle =    soda08,
  pages =        {912--921},
  year =         {2008},
}

@Book{g08,
  author =       {R. M. Gray},
  title =        {Entropy and Information Theory},
  year =         {2008},
  note =         {Free book available online at
                  \url{http://www-ee.stanford.edu/~gray/it.html}}
}

@article{dk83,
  author    = {D. P. Dobkin and D. G. Kirkpatrick},
  title     = {Fast Detection of Polyhedral Intersection},
  journal   = tcs,
  volume    = {27},
  year      = {1983},
  pages     = {241--253},
  bibsource = {DBLP, http://dblp.uni-trier.de}
}

@article{l04,
  author    = {D. Liu},
  title     = {A note on point location in arrangements of hyperplanes},
  journal   = ipl,
  volume    = {90},
  number    = {2},
  year      = {2004},
  pages     = {93--95},
  bibsource = {DBLP, http://dblp.uni-trier.de}
}

@article{cegghss94,
  author    = {B. Chazelle and
               H. Edelsbrunner and
               M. Grigni and
               L. J. Guibas and
               J. Hershberger and
               M. Sharir and
               J. Snoeyink},
  title     = {Ray Shooting in Polygons Using Geodesic Triangulations},
  journal   = algorithmica,
  volume    = {12},
  number    = {1},
  year      = {1994},
  pages     = {54--68},
  bibsource = {DBLP, http://dblp.uni-trier.de}
}

@inproceedings{s92,
  author    = {O. Schwarzkopf},
  title     = {Ray Shooting in Convex Polytopes},
  booktitle = socg92,
  year      = {1992},
  pages     = {286--295},
  ee        = {http://doi.acm.org/10.1145/142675.142734},
  bibsource = {DBLP, http://dblp.uni-trier.de}
}


@Article{st85,
  author =       {D. D. Sleator and R. E. Tarjan},
  title =        {Self-Adjusting Binary Search Trees},
  journal =      jacm,
  year =         1985,
  volume =       32,
  number =       2,
  pages =        {652--686}
}


@Article{bchmm09,
  author = 	 {P. Bose and E. Chen and M. He and A. Maheshwari and P.
Morin},
  title = 	 {Succinct Geometric Indexes Supporting Point Location},
  journal =      talg,
  link =         {\publink{arXiv}{http://arxiv.org/abs/0805.4147}},
  link =         {\publink{pdf}{ds/pointlocation.pdf}},
  year =         2009,
  note =         {To appear.  Preliminary version appears in
                  \emph{Proceedings of the 20th ACM-SIAM Symposium 
                   on Discrete Algorithms (SODA 2009)}, pages 635-644, 2009}  
}

@Article{b75,
  author =       {J. L. Bentley},
  title =        {Multidimensional Binary Search Trees Used for Associative Searching},
  journal =      cacm,
  volume =       {18},
  year =         {1975},
  pages =        {509--517}
}

@Article{cg86,
  author =       {B. Chazelle and L. J. Guibas},
  title =        {Fractional Cascading: {I}. A Data Structuring Technique},
  journal =      {Algorithmica},
  volume =       {1},
  year =         {1986},
  pages =        {133--162}
}

@InProceedings{l78,
  author =       {G. S. Luecker},
  title =        {A Data Structure for Orthogonal Range Queries},
  booktitle =    focs78,
  pages =        {28--34},
  year =         {1978}
}


