@Article{bose02,
  author =	 {P. Bose and A. Brodnik and S. Carlsson and E. D. Demaine and R. Fleischer and A. L\'opez-Ortiz and P. Morin and J. I. Munro},
  title =	 {Online routing in convex subdivisions},
  journal =	 {International Journal of Computational Geometry and Applications},
  year =	 2002,
  volume =	 12,
  number =	 4,
  pages =	 {283--296},
}

@Article{bose04,
  author =	 {P. Bose and P. Morin},
  title =	 {Online routing in triangulations},
  journal =	 {SIAM Journal on Computing},
  volume =	 {33},
  number =	 {4},
  pages =	 {937--951},
  year =	 {2004},
}

@article{m73,
   author =       {J. W. Moon},
   title =        {Random walks on random trees},
   journal =      {Journal of the Australian Mathematical Society},
   volume =       {15},
   pages =        {42--53},
   year =         {1973},
}

@Book{borodin98,
 author = {Borodin, A. and El-Yaniv, R.},
 title = {Online Computation and Competitive Analysis},
 year = {1998},
 isbn = {0-521-56392-5},
 publisher = {Cambridge University Press},
 address = {New York, NY, USA},
}

@book{Ross01,
 author = {Ross, S. M.},
 title = {Probability Models for Computer Science},
 year = {2001},
 isbn = {0125980515},
 publisher = {Academic Press, Inc.},
 address = {Orlando, FL, USA},
 }

@Article{bose01,
  author =	 {P. Bose and P. Morin and I. Stojmenovi\'c and J. Urrutia},
  title =	 {Routing with guaranteed delivery in \emph{ad hoc}
                  wireless networks},
  journal =	 {Wireless Networks},
  year =	 2001,
  volume =	 7,
  number =	 6,
  pages =	 {609--616},
}

@InCollection{gior03,
  title =       {Position based routing algorithms for ad hoc networks: A taxonomy},
  author =      {S. Giordano and I. Stojmenovi\'c},
  editor =      {X. H. X. Cheng and D.-Z. Du},
  booktitle =   {Ad Hoc Wireless Networking},
  pages =       {103--136},
  publisher =   {Kluwer},
  year =        {2003}
}


@inproceedings{lm08,
  author    = {A. Moitra and T. Leighton},
  title     = {Some Results on Greedy Embeddings in Metric Spaces},
  booktitle = {FOCS},
  year      = {2008},
  pages     = {337-346},
  ee        = {http://dx.doi.org/10.1109/FOCS.2008.18},
  crossref  = {DBLP:conf/focs/2008},
  bibsource = {DBLP, http://dblp.uni-trier.de}
}

@proceedings{DBLP:conf/focs/2008,
  title     = {49th Annual IEEE Symposium on Foundations of Computer Science,
               FOCS 2008, October 25-28, 2008, Philadelphia, PA, USA},
  booktitle = {FOCS},
  publisher = {IEEE Computer Society},
  year      = {2008},
  bibsource = {DBLP, http://dblp.uni-trier.de}
}


@inproceedings{l94,
  author    = {J. van Leeuwen and
               R. B. Tan},
  title     = {Compact Routing Methods: A Survey},
  booktitle = {SIROCCO},
  year      = {1994},
  pages     = {99-110},
  crossref  = {DBLP:conf/sirocco/1994},
  bibsource = {DBLP, http://dblp.uni-trier.de}
}

@proceedings{DBLP:conf/sirocco/1994,
  editor    = {P. Flocchini and
               B. Mans and
               N. Santoro},
  title     = {Structural Information and Communication Complexity, 1st
               International Colloquium, SIROCCO 1994, Carleton University,
               Ottawa, Canada, May 18-20, 1994, Proceedings},
  booktitle = {SIROCCO},
  publisher = {Carleton University Press},
  year      = {1995},
  isbn      = {0-88629-253-0},
  bibsource = {DBLP, http://dblp.uni-trier.de}
}

@Book{mr95,
  author =       {R. Motwani and P. Raghavan},
  title =        {Randomized Algorithms},
  publisher =    {Cambridge University Press},
  year =         1995
}

@book{obs92,
  AUTHOR = {A. Okabe and B. Boots and K. Sugihara},
  TITLE = {Spatial Tessellations: Concepts and Applications of Voronoi 
           Diagrams},
  YEAR = 1992,
  PUBLISHER = {Wiley},
  ADDRESS = {New York},
}

@inproceedings{kk00,
 author = {B. Karp and H. T. Kung},
 title = {{GPSR}: greedy perimeter stateless routing for wireless networks},
 booktitle = {MobiCom '00: Proceedings of the 6th annual international conference on Mobile computing and networking},
 year = {2000},
 pages = {243--254},
}

@article{b08,
  author    = {M. Braverman},
  title     = {On ad hoc routing with guaranteed delivery},
  journal   = {CoRR},
  volume    = {abs/0804.0862},
  year      = {2008},
  ee        = {http://arxiv.org/abs/0804.0862},
  bibsource = {DBLP, http://dblp.uni-trier.de}
}

