@phdthesis{dthesis,
author="Jonathan Derryberry",
title="Adaptive Binary Search Trees",
year="2009",
school="CMU"}

@misc{wrong,
booktitle="4th Bertinoro Workshop on Algorithms and Data Structures",
author="D. Sleator",
title="Achieving the Unified Bound in the {BST} Model",
note="Talk. No proceedings."
}
