@InProceedings{am98,
  author =       {Micah Adler and Bruce Maggs},
  title =        {Protocols for Asymmetric Communication Channels},
  booktitle =    {Proceedings of 39th IEEE Symposium on Foundations of
       Computer Science (FOCS)},
  pages =        "522--533",
  year =         1998
}


@InProceedings{waf01,
  author =       {John Watkinson and Micah Adler and Faith Fich},
  title =        {New Protocols for Asymmetric Communication Channels},
  booktitle =    {Proceedings of 8th International
       Colloquium on Structural Information and Communication Complexity (Sirocco)},
  pages =        "337--350",
  year =         2001
}

@Article{ggs01,
  author =       "S. GhaziZadeh and M. Ghodsi and A. Saberi",
  title =        "A New Protocol for Asymmetric Communication: Reaching
                  the Lower Bounds",
  journal =      "Scientia Iranica",
  volume =       "8",
  year =         "2001",
}

@Article{e75,
  author =       "P. Elias",
  title =        "Universal codeword sets and the representation of the
                 integers",
  journal =      "IEEE Transactions on Information Theory",
  volume =       "21",
  pages =        "194--203",
  year =         "1975",
}

@InProceedings{bcgk00,
  author =       {P. Bose and J. Czyzowicz and L. Gasienicz and 
                  E. Kranakis and D. Krizanc and A. Pelc and M. Vargas Martin},
  title =        {Strategies for Hotlink Assignments},
  booktitle =    {Proceedings of International Symposium on Algorithms and
                  Computation (ISAAC 2000)},
  pages =        "23--34",
  year =         2000
}

@InProceedings{kks01,
  author =       {E. Kranakis and D. Krizanc and S. Shende},
  title =        {Approximate Hotlink Assignment},
  booktitle =    {Proceedings of International Symposium on Algorithms and
                  Computation (ISAAC 2001)},
  pages =        {756-767},
  year =         2001
}

@Article{lh02,
  author =       "E. S. Laber and L. G. Holanda",
  title =        "Improved Bounds for Asymmetric Communication
                 Protocols",
  journal =      "Information Processing Letters",
  volume =       "83",
  pages =        "205--209",
  year =         "2002",
}
