@article{alpert.koch.ea:obstacle,
  author    = {Hannah Alpert and
               Christina Koch and
               Joshua D. Laison},
  title     = {Obstacle Numbers of Graphs},
  journal   = {Discrete {\&} Computational Geometry},
  volume    = {44},
  number    = {1},
  year      = {2010},
  pages     = {223-244},
  ee        = {http://dx.doi.org/10.1007/s00454-009-9233-8},
  bibsource = {DBLP, http://dblp.uni-trier.de}
}

@article{goodman.pollack:upper,
  author    = {Jacob E. Goodman and
               Richard Pollack},
  title     = {Upper Bounds for Configurations and Polytopes in R$^{\mbox{d}}$},
  journal   = {Discrete {\&} Computational Geometry},
  volume    = {1},
  year      = {1986},
  pages     = {219-227},
  ee        = {http://dx.doi.org/10.1007/BF02187696},
  bibsource = {DBLP, http://dblp.uni-trier.de}
}

@article{mukkamala.pach.ea:lower,
  author    = {Padmini Mukkamala and
               J{\'a}nos Pach and
               D{\"o}m{\"o}t{\"o}r P{\'a}lv{\"o}lgyi},
  title     = {Lower Bounds on the Obstacle Number of Graphs},
  journal   = {Electr. J. Comb.},
  volume    = {19},
  number    = {2},
  year      = {2012},
  pages     = {P32},
  ee        = {http://www.combinatorics.org/ojs/index.php/eljc/article/view/v19i2p32},
  bibsource = {DBLP, http://dblp.uni-trier.de}
}

@article{pach.sarioz:on,
  author    = {J{\'a}nos Pach and
               Deniz Sari{\"o}z},
  title     = {On the Structure of Graphs with Low Obstacle Number},
  journal   = {Graphs and Combinatorics},
  volume    = {27},
  number    = {3},
  year      = {2011},
  pages     = {465-473},
  ee        = {http://dx.doi.org/10.1007/s00373-011-1027-0},
  bibsource = {DBLP, http://dblp.uni-trier.de}
}

@inproceedings{sarioz:approximating,
  author    = {Deniz Sari{\"o}z},
  title     = {Approximating the Obstacle Number for a Graph Drawing Efficiently},
  booktitle = {CCCG},
  year      = {2011},
  ee        = {http://www.cccg.ca/proceedings/2011/papers/paper101.pdf},
  crossref  = {DBLP:conf/cccg/2011},
  bibsource = {DBLP, http://dblp.uni-trier.de}
}
@proceedings{DBLP:conf/cccg/2011,
  title     = {Proceedings of the 23rd Annual Canadian Conference on Computational
               Geometry, Toronto, Ontario, Canada, August 10-12, 2011},
  booktitle = {CCCG},
  year      = {2011},
  ee        = {http://www.cccg.ca/proceedings/2011/},
  bibsource = {DBLP, http://dblp.uni-trier.de}
}


@article{fulek.saeedi:convex,
  author    = {Radoslav Fulek and
               Noushin Saeedi and
               Deniz Sari{\"o}z},
  title     = {Convex obstacle numbers of outerplanar graphs and bipartite
               permutation graphs},
  journal   = {CoRR},
  volume    = {abs/1104.4656},
  year      = {2011},
  ee        = {http://arxiv.org/abs/1104.4656},
  bibsource = {DBLP, http://dblp.uni-trier.de}
}


@article{johnson.sarioz:computing,
  author    = {Matthew P. Johnson and
               Deniz Sari{\"o}z},
  title     = {Computing the obstacle number of a plane graph},
  journal   = {CoRR},
  volume    = {abs/1107.4624},
  year      = {2011},
  ee        = {http://arxiv.org/abs/1107.4624},
  bibsource = {DBLP, http://dblp.uni-trier.de}
}

@article{pach.sarioz:small,
  author    = {J{\'a}nos Pach and
               Deniz Sari{\"o}z},
  title     = {Small $(2,s)$-colorable graphs without 1-obstacle representations},
  journal   = {CoRR},
  volume    = {abs/1012.5907},
  year      = {2010},
  ee        = {http://arxiv.org/abs/1012.5907},
  bibsource = {DBLP, http://dblp.uni-trier.de}
}

@inproceedings{mukkamala.pach.ea:graphs,
  author    = {Padmini Mukkamala and
               J{\'a}nos Pach and
               Deniz Sari{\"o}z},
  title     = {Graphs with Large Obstacle Numbers},
  booktitle = {WG},
  year      = {2010},
  pages     = {292-303},
  ee        = {http://dx.doi.org/10.1007/978-3-642-16926-7_27},
  crossref  = {DBLP:conf/wg/2010},
  bibsource = {DBLP, http://dblp.uni-trier.de}
}
@proceedings{DBLP:conf/wg/2010,
  editor    = {Dimitrios M. Thilikos},
  title     = {Graph Theoretic Concepts in Computer Science - 36th International
               Workshop, WG 2010, Zar{\'o}s, Crete, Greece, June 28-30,
               2010 Revised Papers},
  booktitle = {WG},
  series    = {Lecture Notes in Computer Science},
  volume    = {6410},
  year      = {2010},
  isbn      = {978-3-642-16925-0},
  ee        = {http://dx.doi.org/10.1007/978-3-642-16926-7},
  bibsource = {DBLP, http://dblp.uni-trier.de}
}


@article{bland.vergnas:orientability,
  author    = {Robert G. Bland and
               Michel Las Vergnas},
  title     = {Orientability of matroids},
  journal   = {J. Comb. Theory, Ser. B},
  volume    = {24},
  number    = {1},
  year      = {1978},
  pages     = {94-123},
  ee        = {http://dx.doi.org/10.1016/0095-8956(78)90080-1},
  bibsource = {DBLP, http://dblp.uni-trier.de}
}


@article{folkman.lawrence:oriented,
  author    = {J. Folkman and J. Lawrence},
  title     = {Oriented matroids},
  journal   = {J. Combin. Theory Ser. B},
  volume    = {25},
  pages     = {199--236},
  year      = {1978}
}

@article{goodman.pollack:semispaces,
  author    = {Jacob E. Goodman and
               Richard Pollack},
  title     = {Semispaces of Configurations, Cell Complexes of Arrangements},
  journal   = {J. Comb. Theory, Ser. A},
  volume    = {37},
  number    = {3},
  year      = {1984},
  pages     = {257-293},
  ee        = {http://dx.doi.org/10.1016/0097-3165(84)90050-5},
  bibsource = {DBLP, http://dblp.uni-trier.de}
}

@article{goodman.pollack:multidimensional,
  author    = {Jacob E. Goodman and
               Richard Pollack},
  title     = {Multidimensional Sorting},
  journal   = {SIAM J. Comput.},
  volume    = {12},
  number    = {3},
  year      = {1983},
  pages     = {484-507},
  ee        = {http://dx.doi.org/10.1137/0212032},
  bibsource = {DBLP, http://dblp.uni-trier.de}
}

@article{goodman:on,
  author    = {Jacob E. Goodman},
  title     = {On the Combinatorial Classification of Nondegenerate Configurations
               in the Plane},
  journal   = {J. Comb. Theory, Ser. A},
  volume    = {29},
  number    = {2},
  year      = {1980},
  pages     = {220-235},
  ee        = {http://dx.doi.org/10.1016/0097-3165(80)90011-4},
  bibsource = {DBLP, http://dblp.uni-trier.de}
}

@article{milnor:on,
  author    = {J. Milnor},
  title     = {On the {B}etti numbers of real varieties},
  journal   = {Proc. Am. Math. Soc.},
  volume    = {15},
  pages     = {275--280},
  year      = {1964}
}

@Book{alon.spencer:probabilistic,
  author =       {N. Alon and J. H. Spencer},
  title =        {The Probabilistic Method},
  publisher =    {John Wiley {\&} Sons},
  year =         2008,
  address =      {Hoboken},
  edition =      {Third}
}


  


