@inproceedings{dkm96,
author = {R.~Dyckerhoff and G.~Koshevoy and K.~Mosler},
title = {Zonoid Data Depth: Theory and Computation},
booktitle = {COMPSTAT 1996 - {P}roceedings in {C}omputational {S}tatistics},
editor = {A.~Prat},
publisher={Physica-Verlag, Heidelberg},
month={August},
year = {1996},
pages = {235--240}
}

@book{m02,
author = "K.~Mosler",
title = "Multivariate Dispersion, Central Regions and Depth. The Lift Zonoid Approach",
publisher = "Springer-Verlag New York, Inc",
year = "2002",
volume = "165",
series = "Lecture {N}otes in {S}tatistics"
}

@inproceedings{be01,
    author = "M. W. Bern and D. Eppstein",
    title = "Optimization over Zonotopes and Training Support Vector Machines",
    booktitle = "Workshop on Algorithms and Data Structures",
    pages = "111-121",
    year = "2001",
    url = "citeseer.nj.nec.com/bern01optimization.html" 
}

@Article{k79,
  author = 	 {L. G. Khachiyan},
  title = 	 {A Polynomial Time Algorithm for Linear Programming},
  journal = 	 {Soviet Mathematics Doklady},
  year = 	 1979,
  volume =	 20,
  pages =	 {1092--1096}
}

@Article{gm06,
  author =	 {H. Gopala and P. Morin},
  title =	 {Algorithms for Bivariate Zonoid Depth},
  journal =      {Computational Geometry: Theory and Applications},
  note =         {Special issue of selected papers
                  from the \emph{16th Canadian Conference on
                  Computational Geometry (CCCG~2004)}},
  year =         {2006}
}

@article{lms94,
author={C.-Y.~Lo and J.~Matousek and W.~Steiger},
title={Algorithms for Ham-sandwich Cuts},
journal={Discrete {\&} Computational Geometry},
year={1994},
volume={11},
pages={433--452}
}

@article{c99,
title = {Geometric applications of a randomized optimization technique},
author = {T. M. Chan},
journal = {Discrete {\&} Computational Geometry},
volume = {22},
number = {4},
pages = {547--567},
month = {December},
year = {1999}
}

@InProceedings{c04,
  author = 	 {T. M. Chan},
  title = 	 {An optimal randomized algorithm for maximum {T}ukey depth},
  booktitle =	 {Proc. 15th ACM-SIAM Symposium on Discrete Algorithms (SODA)},
  pages =	 {423--429},
  year =	 2004
}

@article{lps99,
author={R.~Liu and J.~M.~Parelius and K.~Singh},
title={Multivariate analysis by data depth: Descriptive statistics, graphics and inference},
journal={The Annals of Statistics},
year={1999},
volume={27},
number={3},
pages={783--858},
month={June}
}

@InProceedings{t74,
  author = {J. W. Tukey},
  title = {Mathematics and the Picturing of Data},
  booktitle = {Proceedings of the International Congress of Mathematicians},
  pages = {523--531},
  year = {1974},
  editor = {Ralph D. James},
  volume = {2},
  address = {Vancouver Canada},
  month = {August},
}

@Book{mat02,
  author = {J. Matou\v{s}ek},
  title = {Lectures on Discrete Geometry},
  publisher = {Springer-Verlag},
  year = {2002},
  address = {New York},
}

@Article{c05,
  author = 	 {T. M. Chan},
  title = 	 {Low-Dimensional Linear Programming with Violations},
  journal = 	 {SIAM Journal on Computing},
  year = 	 2005,
  volume =	 34,
  pages =	 {879--893}
}

@Article{c94,
  author = 	 {N. Chakravarti},
  title = 	 {Some Results Concerning Post-Infeasibility Analysis},
  journal = 	 {European Journal of Operations Research},
  year = 	 1994,
  volume =	 73,
  pages =	 {139--143}
}

@Article{e03,
  author = 	 {D. Eppstein},
  title = 	 {Setting Parameters by Example},
  journal = 	 {SIAM Journal on Computing},
  year = 	 2003,
  volume =	 82,
  pages =	 {638--653}
}


@Book{e97,
  author =	 {H. Edelsbrunner},
  title = 	 {Algorithms in Combinatorial Geometry},
  publisher = 	 {Springer-Verlag},
  year = 	 1997,
  address =	 {Heidelberg, Germany}
}

@Book{clrs01,
  author =	 {T. H. Cormen and C. E. Leiserson and R. L. Rivest and C. Stein},
  title = 	 {Introduction to Algorithms},
  publisher = 	 {McGraw-Hill},
  year = 	 2001,
  edition =	 {Second}
}

@InProceedings{sw92,
  author =       "M. Sharir and E. Welzl",
  title =        "A Combinatorial Bound for Linear Programming and
                  Related Problems",
  pages =        "569--588",
  booktitle =    "Proceedings of Symposion on Theoretical Aspects of
                  Computer Science ({STACS} '92)",
  year =         "1992",
}

@Article{ot03,
  author = 	 {W. Ogryczak and A. Tamir},
  title = 	 {Minimizing the sum of the {$k$} largest functions in
                  linear time},
  journal = 	 ipl,
  year = 	 2003,
  volume =	 85,
  pages =	 {117--122}
}

@Article{z84,
  author = 	 {E. Zemel},
  title = 	 {An {$O(n)$} Algorithm for The Linear Multiple Choice Knapsack Problem and Related Problems},
  journal = 	 ipl,
  year = 	 1984,
  volume =	 18,
  pages =	 {123--128}
}

@Article{m83,
  author =       {N. Megiddo},
  title =        {Linear Time Algorithms for Linear Programming in {$\mathbb{R}^
3$} and Related Problems},
  journal =      {SIAM Journal on Computing},
  year =         1983,
  volume =       12,
  pages =        {759--776}
}

@Article{m84,
  author =       {N. Megiddo},
  title =        {Linear Programming in Linear Time when the Dimension is Fixed}
,
  journal =      {Journal of the ACM},
  year =         1984,
  volume =       31,
  pages =        {114--127}
}

@Article{d84,
  author = 	 {M. E. Dyer},
  title = 	 {An {$O(n)$} algorithm for the multiple-choice knapsack linear program},
  journal = 	 {Mathematical Programming},
  year = 	 1984,
  volume =	 29,
  number =	 1,
  pages =	 {57--63}
}

@article{c95,
 author = {K. L. Clarkson},
 title = {{L}as {V}egas algorithms for linear and integer programming when the dimension is small},
 journal = jacm,
 volume = {42},
 number = {2},
 year = {1995},
 pages = {488--499},
}

