@Article{a79,
  author =	 {A. M. Andrew},
  title =	 {Another efficient algorithm for convex hulls in two
                  dimensions},
  journal =	 {Information Processing Letters},
  year =	 1979,
  volume =	 9,
  pages =	 {216--219},
  note =	 {Corrigendum, {\textit{Information Processing
                  Letters}}, 10:168, 1980}
}

@Misc{b01,
  author =	 {H. Bronnimann},
  title =	 {Timing results for space-efficient convex hull
                  algorithms},
  howpublished = {Available online at
                  \url{http://photon.poly.edu/~hbr/}},
  year =	 2002
}

@Article{bfprt73,
  author =	 "M. Blum and R. Floyd and V. Pratt and R. Rivest and
                  R. Tarjan",
  title =	 "Time bounds for selection",
  journal =	 "Journal of Computer and System Science",
  volume =	 "7",
  number =	 "4",
  pages =	 "448--461",
  year =	 "1973"
}

@Article{bs97,
  title =	 "On a Simple, Practical, Optimal, Output-Sensitive
                  Randomized Planar Convex Hull Algorithm",
  author =	 "B. K. Bhattacharya and S. Sen",
  pages =	 "177--193",
  journal =	 "Journal of Algorithms",
  year =	 "1997",
  volume =	 "25",
  number =	 "1",
}

@Article{c96,
  author =	 "T. Chan",
  title =	 "Optimal Output-Sensitive Convex Hull Algorithms in
                  Two and Three Dimensions",
  journal =	 "Discrete {\&} Computational Geometry",
  pages =	 {361--368},
  volume =	 "16",
  year =	 "1996",
}

@Article{cd87,
  author =	 {B. Chazelle and D. P. Dobkin},
  title =	 {Intersection of convex objects in 2 and 3
                  dimensions},
  journal =	 {Journal of the ACM},
  year =	 1987,
  volume =	 34,
  pages =	 {1--27}
}

@Article{cs88,
  author =	 {K. L. Clarkson and P. W. Shor},
  title =	 {Applications of random sampling in computational
                  geometry, {II}},
  journal =	 {Discrete {\&} Computational Geometry},
  volume =	 4,
  number =	 1,
  year =	 1988,
  pages =	 {387--421}
}

@Article{csy97,
  author =	 "T. Chan and J. Snoeyink and C. K. Yap",
  title =	 "Primal Dividing and Dual Pruning: Output-Sensitive
                  Construction of Four-Dimensional Polytopes and
                  Three-Dimensional {V}oronoi Diagrams",
  journal =	 "Discrete {\&} Computational Geometry",
  volume =	 "18",
  pages =	 {433--454},
  year =	 "1997",
}

@Book{d76,
  author =	 {E. W. Dijkstra},
  title =	 {A Discipline of Programming},
  publisher =	 {Prentice-Hall},
  year =	 {1976}
}

@Article{d82,
  author =	 "E. W. Dijkstra",
  title =	 "Smoothsort, an Alternative for Sorting in Situ",
  journal =	 "Science of Computer Programming",
  volume =	 "1",
  number =	 "3",
  pages =	 "223--233",
  year =	 "1982",
}

@Article{d87,
  author =	 "S. Dvo{\u{r}}ak and B. {\u{D}}urian",
  title =	 "Stable linear time sublinear space merging.",
  journal =	 "The Computer Journal",
  volume =	 "30",
  number =	 "4",
  pages =	 "372--375",
  year =	 "1987",
}

@Article{dd88,
  author =	 "S. Dvo{\u{r}}ak and B. {\u{D}}urian",
  title =	 "Unstable linear time {O}(1) space merging.",
  journal =	 "The Computer Journal",
  volume =	 "31",
  number =	 "3",
  pages =	 "279--282",
  year =	 "1988",
}

@Article{dg82,
  author =	 "E. W. Dijkstra and A. J. M. {van Gasteren}",
  title =	 "An Introduction to Three Algorithms for Sorting in
                  Situ",
  journal =	 "Information Processing Letters",
  volume =	 "15",
  number =	 "3",
  pages =	 "129--134",
  day =		 "11",
  year =	 "1982",
}

@Article{e77,
  author =	 {W. Eddy},
  title =	 {A new convex hull algorithm for planar sets},
  journal =	 {ACM Transactions on Mathematical Software},
  year =	 1977,
  volume =	 3,
  number =	 4,
  pages =	 {398--403}
}

@Article{f64,
  author =	 {R. W. Floyd},
  title =	 {Algorithm 245, {T}reesort 3},
  journal =	 {Communications of the ACM},
  year =	 1964,
  volume =	 7,
  pages =	 401
}

@Article{fr75,
  author =	 "R. W. Floyd and R. R. Rivest",
  journal =	 "Communications of the ACM",
  number =	 "3",
  pages =	 "173",
  title =	 "Algorithm 489: {T}he algorithm {SELECT} for finding
                  the ith smallest of n elements",
  volume =	 "18",
  year =	 "1975",
}

@Article{g72,
  author =	 {R. L. Graham},
  title =	 {An efficient algorithm for determining the convex
                  hull of a finite planar set},
  journal =	 {Information Processing Letters},
  year =	 1972,
  volume =	 1,
  pages =	 {132--133}
}

@Article{h61,
  author =	 "C. A. R. Hoare",
  journal =	 "Communications of the ACM",
  number =	 "7",
  pages =	 "321--322",
  title =	 "Algorithm 65: Find",
  volume =	 "4",
  year =	 "1961",
  crindex =	 "Classeur",
}

@Article{hl88,
  author =	 "B.-C. Huang and M. A. Langston",
  title =	 "Practical In-Place Merging",
  pages =	 "348--352",
  journal =	 "Communications of the ACM",
  volume =	 "31",
  number =	 "3",
  year =	 "1988",
}

@Article{hl92,
  author =	 "B.-C. Huang and M. A. Langston",
  title =	 "Fast stable merging and sorting in constant extra
                  space",
  journal =	 "The Computer Journal",
  volume =	 "35",
  number =	 "6",
  pages =	 "643--650",
  year =	 "1992",
}

@Book{hsr97,
  author =	 {E. Horowitz and S. Sahni and S. Rajasekaran},
  title =	 {Computer Algorithms},
  publisher =	 {Computer Science Press},
  year =	 {1998}
}

@Article{j73,
  author =	 {A. Jarvis},
  title =	 {On the identification of the convex hull of a finite
                  set of points in the plane},
  journal =	 {Information Processing Letters},
  year =	 1973,
  volume =	 2,
  pages =	 {18--21}
}

@Article{kp92,
  author =	 "J. Katajainen and T. Pasanen",
  title =	 "Stable minimum space partitioning in linear time",
  journal =	 "BIT",
  volume =	 "32",
  number =	 "4",
  pages =	 "580--585",
  year =	 "1992",
}

@Article{kp99,
  author =	 "J. Katajainen and T. A. Pasanen",
  title =	 "In-place sorting with fewer moves",
  journal =	 "Information Processing Letters",
  volume =	 "70",
  number =	 "1",
  pages =	 "31--37",
  day =		 "16",
  year =	 "1999",
}

@article{kpt96,
  author =	 {J. Katajainen and T. Pasanen and J. Teuhola},
  title =	 {Practical in-place mergesort},
  journal =	 {Nordic Journal of Computing},
  year =	 1996,
  volume =	 3,
  pages =	 {27--40}
}

@Article{ks86,
  author =	 "D. G. Kirkpatrick and R. Seidel",
  title =	 "The ultimate planar convex hull algorithm?",
  journal =	 "SIAM Journal on Computing",
  volume =	 "15",
  number =	 "1",
  pages =	 "287--299",
  year =	 "1986",
}

@inproceedings{lw88,
  author =	 {T. W. Lai and D. Wood},
  title =	 {Implicit selection},
  booktitle =	 {Proceedings of the 1st Scandinavian Workshop on
                  Algorithm Theory},
  year =	 1988,
  series =	 {Lecture Notes in Computer Science},
  volume =	 318,
  publisher =	 {Springer-Verlag},
  pages =	 {14--23}
}

@Misc{m01,
  author =	 {P. Morin},
  title =	 {insitu.tgz},
  howpublished = {Available online at
                  \url{http://www.cs.carleton.ca/~morin/}},
  year =	 2002
}

@Article{m84,
  author =	 "N. Megiddo",
  title =	 "Linear Programming in Linear Time When the Dimension
                  Is Fixed",
  journal =	 "Journal of the ACM",
  volume =	 "31",
  number =	 "1",
  pages =	 "114--127",
  year =	 "1984",
}

@Article{mrs90,
  author =	 "J. I. Munro and V. Raman and J. S. Salowe",
  title =	 "Stable in situ sorting and minimum data movement",
  journal =	 "BIT",
  volume =	 "30",
  number =	 "2",
  pages =	 "220--234",
  year =	 "1990",
}

@Article{mu84,
  author =	 "H. Mannila and E. Ukkonen",
  title =	 "A simple linear-time algorithm for in situ merging",
  journal =	 "Information Processing Letters",
  volume =	 "18",
  number =	 "4",
  pages =	 "203--208",
  day =		 "14",
  year =	 "1984",
}

@Book{o93,
  author =	 "J. O'Rourke",
  title =	 "Computational Geometry in {C}",
  publisher =	 "Cambridge University Press",
  year =	 "1993"
}

@Article{ov81,
  author =	 {M. H. Overmars and J. van Leeuwen},
  title =	 {Maintenance of Configurations in the Plane},
  journal =	 {Journal of Computer and System Sciences},
  year =	 1981,
  volume =	 23,
  pages =	 {166--204}
}

@Article{p79,
  author =	 {F. P. Preparata},
  title =	 {An optimal real time algorithm for planar convex
                  hulls},
  journal =	 {Communications of the ACM},
  year =	 1979,
  volume =	 22,
  pages =	 {402--405}
}

@Article{ph77,
  author =	 {F. P. Preparata and S. J. Hong},
  title =	 {Convex hulls of finite point sets in two and three
                  dimensions},
  journal =	 {Communications of the ACM},
  year =	 1977,
  volume =	 2,
  number =	 20,
  pages =	 {87--93}
}

@Book{ps85,
  author =	 {F. P. Preparata and M. I. Shamos},
  title =	 {Computational Geometry},
  publisher =	 {Springer-Verlag},
  year =	 1985
}

@PhdThesis{s78,
  author =	 {M. I. Shamos},
  title =	 {Computational Geometry},
  school =	 {Yale University},
  year =	 1978,
}

@Article{s91,
  author =	 "R. Seidel",
  title =	 "Small-dimensional linear programming and convex
                  hulls made easy",
  journal =	 "Discrete {\&} Computational Geometry",
  volume =	 "6",
  year =	 "1991",
  pages =	 "423--434",
}

@Article{s95,
  author =	 "A. Symvonis",
  title =	 "Optimal Stable Merging",
  journal =	 "The Computer Journal",
  volume =	 "38",
  number =	 "8",
  pages =	 "681--690",
  year =	 "1995",
}

@Article{ss87,
  title =	 "Simplified Stable Merging Tasks",
  author =	 "J. Salowe and W. Steiger",
  pages =	 "557--571",
  journal =	 "Journal of Algorithms",
  year =	 "1987",
  volume =	 "8",
  number =	 "4",
}

@Article{sw84,
  author =	 "H. W. Six and L. Wegner",
  title =	 "Sorting a Random Access File in Situ",
  journal =	 "The Computer Journal",
  volume =	 "27",
  number =	 "3",
  pages =	 "270--275",
  year =	 "1984",
}

@Article{w64,
  author =	 {J. W. J. Williams},
  title =	 {Algorithm 232, {H}eapsort},
  journal =	 {Communications of the ACM},
  year =	 1964,
  volume =	 7,
  pages =	 {347--348}
}

@Article{w97,
  author =	 {R. Wenger},
  title =	 {Randomized Quick Hull},
  journal =	 {Algorithmica},
  year =	 {1997},
  volume =	 {17},
  pages =	 {322--329},
}

@InProceedings{oss95,
  author =	 {T. Ottman and S. Schuirer and S. Soundaralaksmij},
  title =	 {Enumerating Extreme Points in Higher Dimensions},
  booktitle =	 {Proceedings of the 12th Symposium on Theoretical
                  Aspects of Computer Science},
  pages =	 {562--570},
  year =	 1995,
  volume =	 900,
  series =	 {Lecture Notes in Computer Science},
  publisher =	 {Springer-Verlag}
}

@InProceedings{c94,
  author =	 {K. L. Clarkson},
  title =	 {More Output-Sensitive Geometric Algorithms},
  booktitle =	 {Proceedings of the 35th IEEE Symposium on
                  Foundations of Computer Science},
  pages =	 {695--702},
  year =	 1994
}

@Article{c96b,
  author =	 {T. M. Chan},
  title =	 {Output-Sensitive Results on Convex Hulls, Extreme
                  Points, and Related Problems},
  journal =	 {Discrete {\&} Computational Geometry},
  year =	 1996,
  volume =	 16,
  pages =	 {369--387}
}

