@InProceedings{t75,
  author = 	 {J. W. Tukey},
  title = 	 {Mathematics and the picturing of data},
  booktitle =	 {Proc. International Congress of Mathematicians},
  pages =	 {523--531},
  year =	 1975,
  volume =	 2
}



@Article{zs00a,
  author = 	 {Y. Zuo and R. Serfling},
  title = 	 {General notions of statistical depth function},
  journal = 	 {Ann. Statist.},
  year = 	 2000,
  volume =	 28,
  pages =	 {461--482}
}

