
@Article{cg86,
  title =        "Fractional Cascading: {I}. {A} Data Structuring
                 Technique",
  author =       "Bernard Chazelle and Leonidas J. Guibas",
  journal =      "Algorithmica",
  pages =        "133--162",
  year =         "1986",
  volume =       "1",
  number =       "2",
}

@Article{m98,
  author = 	 {Jiri Matou\v{s}ek},
  title = 	 {On constants for cuttings in the plane},
  journal = 	 {Discrete \& Computational Geometry},
  year = 	 1998,
  volume =	 20,
  pages =	 {427--448}
}

@article{blm02,
  author    = {Prosenjit Bose and
               Anna Lubiw and
               J. Ian Munro},
  title     = {Efficient visibility queries in simple polygons.},
  journal   = {Comput. Geom.},
  volume    = {23},
  number    = {3},
  year      = {2002},
  pages     = {313-335},
  bibsource = {DBLP, http://dblp.uni-trier.de}
}
