@Book{h1886,
 title =      {The Romance of Mathematics},
 author =     {P. Hampson},
 publisher =  {Oxford Press},
 address =    {Bigg City},
 year =       {1886}
}
