
@InProceedings{cels02,
  author =	 {Mark Cieliebak and Thomas Erlebach and Zsuzsanna
                  Liptak and Jens Stoye and Emo Welzl},
  title =	 {Algorithmic Complexity of Protein Identification:
                  Searching in Weighted Strings},
  booktitle =	 {Proceedings of the 2nd IFIP International Conference
                  on Theoretical Computer Science (TCS 2002)},
  year =	 2002
}

@InProceedings{cels01,
  author =	 {Mark Cieliebak and Thomas Erlebach and Zsuzsanna
                  Liptak and Jens Stoye and Emo Welzl},
  title =	 {Algorithmic Complexity of Protein Identification:
                  Searching in Weighted Strings},
  booktitle =	 {Combinatorics Of Searching, Sorting, And Coding
                  (COSSAC)},
  year =	 2001
}

@Article{cels02b,
  author =	 {Mark Cieliebak and Thomas Erlebach and Zsuzsanna
                  Liptak and Jens Stoye and Emo Welzl},
  title =	 {Algorithmic Complexity of Protein Identification:
                  Searching in Weighted Strings},
  journal =	 {Discrete Applied Mathematics},
  year =	 2002,
  note =	 {To appear}
}

@TechReport{cels01b,
  author =	 {Mark Cieliebak and Thomas Erlebach and Zsuzsanna
                  Liptak and Jens Stoye and Emo Welzl},
  title =	 {Algorithmic Complexity of Protein Identification:
                  Searching in Weighted Strings},
  institution =  {ETH Z{\"u}rich, Department of Computer Science},
  year = 	 2001,
  number =	 361
}

