

@string{siamjc="SIAM J. Comput."}
@String{iac = {Inform. and Comput.}}
@String{ieeetoc = {IEEE Trans. Comm.}}
@String{ijgis = {Internat. J. GIS}}
@String{cg = {Comput. Graphics}}
@String{dcg = {Discrete Comput. Geom.}}
@String{jctb = {J. of Combin. Theory Ser. B}}


@String{scg95 = {Proc. of the 11th Annual ACM Symposium on 
                 Computational Geometry}}
@String{cgta = {Computational Geometry Theory and Applications}}
@String{cccg99 = {Proc. of the 11th Canadian Conference on 
                  Computational Geometry (CCCG'99)}}
@string{mobicom97 = "ACM/IEEE International Conference on Mobile
		  Computing and Networking (Mobicom'97)"}
@string{mobicom98 = "ACM/IEEE International Conference on Mobile
		  Computing and Networking (Mobicom'98)"}

@String{dialm99 = {Proc. of Discrete Algorithms and Methods 
                   for Mobility (DIALM'99)}}

@Article{egs86,
  author = 	 {H. Edelsbrunner and L. J. Guibas and J. Stolfi},
  title = 	 {Optimal Point Location in a Monotone Subdivision},
  journal = 	 siamjc,
  year = 	 1986,
  volume =	 15,
  pages =	 {317--340}
}

@Article{gcr77,
  author = 	 {C. M. Gold and T. D. Charters and J. Ramsden},
  title = 	 {Automated Contour Mapping Using Triangular Element 
                  Data Structures and an Interpolant over each Irregular 
                  Triangular Domain},
  journal = 	 cg,
  year = 	 1977,
  volume =	 11,
  number =	 2,
  pages =	 {170--175}
}

@Article{bkoo97,
  author = 	 {M. de Berg and M. van Kreveld and R. van Oostrum and M. Overmars},
  title = 	 {Simple Traversal of a Subdivision Without Extra Storage},
  journal = 	 ijgis,
  volume =       {11},
  pages =        {359--373},
  year = 	 {1997}
}

@Article{e88,
  author = 	 "H. Edelsbrunner",
  title = 	 "An Acyclicity Theorem for Cell Complexes in {$d$} Dimension",
  journal =	 "Combinatorica",
  year =	 1988,
  volume =	 10,
  number =	 3,
  pages =	 "251--260"
}

@MastersThesis{s99,
  author = 	 "H. Singh",
  title = 	 "Compass Routing in Geometric Graphs",
  school = 	 "University of Ottawa",
  year = 	 1999
}

@Book{ps85,
  author =	 {Franco P. Preparata and Michael Ian Shamos},
  title = 	 {Computational Geometry},
  publisher = 	 {Springer-Verlag},
  year = 	 1985,
  address =	 {New York}
}

@Book{z94,
  author =	 {G{\"u}nter M. Ziegler},
  title = 	 {Lectures on Polytopes},
  publisher = 	 {Springer-Verlag},
  year = 	 1994,
  number =       {154},
  series =	 {Graduate Texts in Mathematics},
  address =	 {New York}
}


@Book{hy98,
  author =	 {Allan Borodin and Ran El-Yaniv},
  title = 	 {Online Computation and Competitive Analysis},
  publisher = 	 {Cambridge University Press},
  year = 	 1998
}

@InBook{l77,
  author =	 {C. L. Lawson},
  title = 	 {Software for {$C^1$} surface interpolation},
  publisher = 	 {Academic Press},
  year = 	 1977,
  series =	 {Mathematical Software III},
  address =	 {New York},
  pages =	 {161--194}
}

@InProceedings{ik95,
  author = 	 {C. Icking and R. Klein},
  title = 	 {Searching for the kernel of a polygon: A Competitive strategy},
  booktitle = 	 scg95,
  pages =	 {258--266},
  year =	 1995
}

@Article{k92,
  author = 	 {R. Klein},
  title = 	 {Walking an unknown street with bounded detour},
  journal = 	 cgta,
  year = 	 {1992},
  volume =	 {1},
  pages =	 {325--351}
}

@Article{gs97,
  author = 	 {S. K. Ghosh and S. Saluja},
  title = 	 {Optimal on-line algorithms for walking with minimum number of turns in unknown streets},
  journal = 	 cgta,
  year = 	 {1997},
  volume =       {8},
  number =       {5},
  pages =        {241--266}
}

@Book{obs92,
  author =	 {A. Okabe and B. Boots and K. Sugihara},
  title = 	 {Spatial Tesselations: Concepts and Applications of {V}oronoi Diagrams},
  publisher = 	 {John Wiley and Sons},
  year = 	 1992
}

@Article{dfs87,
  author =       "D. Dobkin and S. J. Friedman and K. J. Supowit",
  title =        "Delaunay graphs are almost as good as complete
                 graphs",
  journal =      dcg,
  volume =       "5",
  year =         "1990",
  pages =        "399--407",
  note =         "See also {\em 28th Symp. Found. Comp. Sci.}, 1987, pp.
                 20--26"
}
		  
@InProceedings{dj89,
  author =       "G. Das and D. Joseph",
  title =        "Which Triangulations Approximate the Complete Graph?",
  pages =        "168--192",
  editor =       "H. Djidjev",
  booktitle =    "Proceedings of the International Symposium on Optimal
                 Algorithms",
  series =       "LNCS",
  volume =       "401",
  publisher =    "Springer",
  address =      "Berlin",
  year =         "1989",
}

@TechReport{ls98,
  author = 	 {X. Lin and I. Stojmenovi{\'c}},
  title = 	 {Geographic Distance Routing in {\em ad hoc} 
                  Wireless Networks},
  institution =  {SITE, University of Ottawa},
  year = 	 1998,
  number =	 {TR-98-10},
  month =	 {December}
}

@TechReport{s98,
  author = 	 {I. Stojmenovi{\'c}},
  title = 	 {Power-aware routing in ad hoc Wireless Networks},
  institution =  {SITE, University of Ottawa},
  year = 	 1998,
  number =	 {TR-98-11},
  month =	 {December}
}

@unpublished{bm99a,
  author=        {P. Bose and P. Morin},
  title=         {Online Routing in Triangulations},
  note=          "Available online at 
                  {\url{http://www.scs.carleton.ca/~morin}}",
  year=          1999
}


@unpublished{bm99b,
  author=        {P. Bose and P. Morin},
  title=         {Competitive Online Routing Strategies},
  note=          "Manuscript in preparation",
  year=          1999
}

@InProceedings{bmsu99,
  author =	 {P. Bose and P. Morin and I. Stojmenovi{\'c} and J. Urrutia},
  title =	 {Routing with Guaranteed Delivery in {\em ad hoc} 
                  Wireless Networks},
  booktitle =    dialm99,
  pages =        {48--55},
  year =         {1999}
}


@InProceedings{ksu99,
  author = 	 {E. Kranakis and H. Singh and J. Urrutia},
  title = 	 {Compass Routing on Geometric Networks},
  booktitle = 	 cccg99,
  year =	 1999,
  note =	 {To appear}
}

@Article{gs69,
  author = 	 {K. R. Gabriel and R. R. Sokal},
  title = 	 {A New Statistical Approach to Geographic Variation Analysis},
  journal = 	 {Systematic Zoology},
  year = 	 1969,
  volume =	 18,
  pages =	 {259--278}
}

@Article{ms80,
  author = 	 {D. W. Matula and R. R. Sokal},
  title = 	 {Properties of {G}abriel Graphs Relevant to Geographic Variation Research and the Clustering of Points in the Plane},
  journal = 	 {Geographical Analysis},
  year = 	 1980,
  volume =	 12,
  pages =	 205,
  month =	 {July}
}

@InProceedings{kv98a,
  author = 	 "Y.-B. Ko and N. H. Vaidya",
  title = 	 "Location-Aided Routing {(LAR)} in Mobile Ad Hoc Networks",
  pages =	 "66--75",
  booktitle =	 mobicom98,
  year =	 1998
}

@InProceedings{bcsw98,
  author = 	 "S. Basagni and I. Chlamtac and V. R. Syrotiuk and
		  B. A. Woodward",
  title = 	 "A Distance Routing Effect Algorithm for Mobility {(DREAM)}",
  pages =	 "76--84",
  booktitle =	 mobicom98,
  year =	 1998
}

@InProceedings{bmjhj98,
  author = 	 "J. Broch and D. A. Maltz and D. B. Johnson and
		  Y.-C. Hu and J. Jetcheva",
  title = 	 "A Performance Comparison of Multi-Hop Wireless Ad
		  Hoc Network Routing Protocols",
  pages =	 "85--97",
  booktitle =	 mobicom98,
  year =	 1998
}

@InProceedings{ni97,
  author = 	 "J. C. Navas and T. Imielinski",
  title = 	 "GeoCast - Geographic Addressing and Routing",
  pages =	 "66--76",
  booktitle =	 mobicom97,
  year =	 1997
}

@TechReport{kv98b,
  author = 	 "Y.-B. Ko and N. H. Vaidya",
  title = 	 "Geocasting in Mobile Ad Hoc Networks: Location-Based
		  Multicast Algorithms",
  institution =  "Texas A{\&}M University",
  year = 	 1998,
  number =	 "TR-98-018",
  month =	 "September"
}

@Book{bm76,
  author =	 {J. A. Bondy and U. S. R. Murty},
  title = 	 {Graph Theory with Applications},
  publisher = 	 {Elsevier North-Holland},
  year = 	 1976
}


@Article{tk84,
  author = 	 {H. Takagi and L. Kleinrock},
  title = 	 {Optimal transmission ranges for randomly distributed 
                  packet radio terminals},
  journal = 	 ieeetoc,
  year = 	 1984,
  volume =	 32,
  number =	 3,
  pages =	 {246--257}
}

@Article{kg92,
  author =       "J. M. Keil and C. A. Gutwin",
  title =        "Classes of graphs which approximate the complete
                 {Euclidean} graph",
  journal =      dcg,
  volume =       "7",
  year =         "1992",
  pages =        "13--28",
}

@article{k79,
 author = "D. G. Kirkpatrick",
 title = "Optimal Search in Planar Subdivisions",
 journal = siamjc, 
 volume = 12, 
 pages = "18--27",
 year = 1979
}

@Unpublished{cl99,
  author = 	 {D. Camara and A. F. Loureiro},
  title = 	 {A Novel Routing Algorithm for ad hoc Networks},
  note = 	 {Manuscript},
  year =	 1999
}

@Unpublished{ms99,
  author = 	 {P. Morin and I. Stojmenovi{\'c}},
  title = 	 {Geocasting and Routing in Mobile ad hoc Networks},
  note = 	 {Manuscript},
  year =	 1999
}



@Unpublished{bm99c,
  author = 	 {P. Bose and P. Morin},
  title = 	 {Simple Traversal of a Subdivision with 
                  Extra Storage {\ldots} in Linear Time},
  note = 	 {Manuscript},
  year =	 1999
}


@Unpublished{m99,
  author = 	 {P. Morin},
  title = 	 {Online Routing in Planar Geometric Graphs},
  note = 	 {Manuscript},
  year =	 1999
}

@Book{l92,
  author =	 {F. T. Leighton},
  title = 	 {Introduction to Parallel Algorithm and Architectures: 
                  Arrays, Trees and Hypercubes},
  publisher = 	 {Morgan Kaufman},
  year = 	 1992
}

@Book{k96,
  editor =	 {E. D. Kaplan},
  title = 	 {Understanding GPS: Principles and Applications},
  publisher = 	 {Artech House},
  year = 	 1996
}


@Article{bcr93,
  author =       "R. Baeza-Yates and J. Culberson and G. Rawlins",
  title =        "Searching in the plane",
  journal =      iac,
  volume =       "106",
  number =       "2",
  year =         "1993",
  pages =        "234--252"
}

@Article{c75,
  author = 	 {V. Chv{\'a}tal},
  title = 	 {A Combinatorial Theorem in Plane Geometry},
  journal = 	 jctb,
  year = 	 1975,
  volume =	 18,
  pages =	 {39--41}
}

