
@Article{clarkson:random,
  author = 	 {Kenneth L. Clarkson and Peter W. Shor},
  title = 	 {Applications of Random Sampling in Computational Geometry {II}},
  journal = 	 {Discrete {\&} Computational Geometry},
  year = 	 1989,
  volume =	 4,
  pages =	 {387--421}
}

@Article{hoare:find,
  author = 	 "Charles Anthony Richard Hoare",
  title =        "Algorithm 63 ({PARTITION}) and Algorithm 65 ({FIND})",
  journal =      "Communications of the ACM",
  volume =       "4",
  number =       "7",
  year =         "1961",
  mon =          jul,
  pages =        "321--322",
}


@Book{knuth:fundamental,
  author =	 {Donald Ervin Knuth},
  title = 	 {The Art of Computer Programming: Fundamental Algorithms},
  publisher = 	 {Addison-Wesley},
  year = 	 1997,
  volume =	 1,
  edition =	 {2nd}
}

@InProceedings{bronnimann:melkman,
  author = 	 {Herv{\'e} Br{\"o}nnimann and Timothy Moon-Yew Chan},
  title = 	 {Space-efficient algorithms for computing the convex hull of a simple polygonal line in linear time},
  booktitle =	 {Proceedings of Latin American Theoretical Informatics (LATIN'04)},
  pages =	 {162--171},
  year =	 2004,
  volume =	 2976,
  series =	 {Lecture Notes in Computer Science},
  publisher =	 {Springer-Verlag}
}

@inproceedings{bentley:divide-and-conquer
, author = 	 "Jon Louis Bentley and Michael Ian Shamos"
, title = 	 "{Divide-and-Conquer} in Multidimensional Space"
, booktitle = 	 "Proceedings of the Eighth Annual {ACM} Symposium on
                  the Theory of Computation"   
, pages = 	 "220--230"
, year = 	 1976
, publisher =    "Association for Computing Machinery"
, localfilename = "BS_DivideAndConquer.pdf"
}

@article{blum:selection
, author =	 "Manuel Blum and Robert W. Floyd and Vaughan Ronald
                  Pratt and Ronald Linn Rivest and Robert Endre
                  Tarjan"
, title =	 "Time Bounds For Selection"
, journal =	 "Journal of Computer and System Sciences"
, year =	 1973
, volume =	 7
, number =	 4
, month =	 aug
, pages =	 "448--461"
, checked =	 "20020228jv"
}

@article{kata:select
, author = 	 "Jyrki Katajainen and Tomi Pasanen"
, title =	 "Stable minimum space partitioning in linear time"
, journal =	 "BIT"
, year =	 1992
, volume =	 32
, pages =	 "410--421"
}

@inproceedings{bronnimann:inplace
, author =	 "Herv{\'e} Br{\"o}nnimann and Timothy Moon-Yew Chan and Eric Chen"
, title =	 "Towards in-place geometric algorithms and data structures"
, booktitle =	 "Proceedings of the Twentieth ACM Symposium on Computational Geometry" 
, year =	 2004
, pages =        "239--246"
}


@inproceedings{bronnimann:convex
, author =	 "Herv{\'e} Br{\"o}nnimann and John Iacono and 
Jyrki Katajainen and Pat Morin and Jason Morrison and
                  Godfried T. Toussaint"
, title =	 "Optimal in-place planar convex hull algorithms"
, booktitle =	 "Proceedings of Latin American Theoretical
                  Informatics (LATIN 2002)"
, editor =       "Sergio Rajsbaum"
, year =	 2002
, volume =	 2286
, pages =        "494--507"
, series =	 "Lecture Notes in Computer Science"
, publisher =	 "Springer"
, address =      "Berlin"
}

@inproceedings{chen:space-efficient
, author =       "Eric Y. Chen and Timothy Moon-Yew Chan"
, title =        "A Space-Efficent Algorithm for Line Segment Intersection"
, booktitle =    "Proceedings of the 15th Canadian Conference on 
                 Computational Geometry"
, year =         2003
, pages =        "68--71"
}

@article{floyd:245
, author =	 "Robert W Floyd"
, title =	 "Algorithm 245: {Treesort}"
, journal =	 "Communications of the {ACM}"
, year =	 1964
, volume =	 7
, number =	 12
, month =	 dec
, pages =	 "701"
, checked =	 "20040226jv"
, localfilename = "Floyd_Treesort245.pdf"
}

@article{geffert:merging
, author = 	 "Viliam Geffert and Jyrki Katajainen and Tomi Pasanen"
, title = 	 "Asymptotically Efficient In-Place Merging"
, journal = 	 "Theoretical Computer Science"
, year = 	 2000
, volume =	 237
, number =       "1--2"
, month =        apr
, pages =	 "159--181"
}

@inproceedings{goodrich:external
, author =	 "Michael T. Goodrich and Jyh-Jong Tsay and Darren
                  Erik Vengroff and Jeffrey Scott Vitter"
, title =	 "External-Memory Computational Geometry"
, booktitle =	 "Proceedings of the 34th Annual Symposium on
                  Foundations of Computer Science"
, year =	 1993
, pages =	 "714--723"
, annote =	 "In this paper, we develop external memory algorithms
                  for the following problems: orthogonal line segment
                  intersection, answering $K$ range queries on $N$
                  points, constructing the 2-d and 3-d convex hull of
                  $N$ points, performing $K$ point location queries in
                  a planar subdivision of size $N$, finding the
                  pairwise intersections of $N$ rectangles, computing
                  the measure of the union of $N$ rectangles,
                  computing the visibility of $N$ segments from a
                  point, performing $K$ ray-shooting queries in {CSG}
                  models of size $N$."
, checked =	 "20020228jv"
}

@article{graham:efficient
, author =	 "R. L. Graham"
, title =	 "An Efficient Algorithm for Determining the Convex
                  Hull of a Finite Planar Set"
, journal =	 "Information Processing Letters"
, volume =	 1
, number =	 4
, year =	 1972
, pages =	 "132-133"
, checked =	 "20020228jv"
}

@article{hoare:quicksort
, author = 	 "Charles Anthony Richard Hoare"
, title = 	 "Algorithm 64: {Quicksort}"
, pages = 	 "321"
, journal = 	 "Communications of the {ACM}"
, year = 	 1961
, volume = 	 4
, number = 	 7
, month = 	 jul
}

@article{huang:one-way
, author = 	 "Bing-Chao Huang and Donald Ervin Knuth"
, title = 	 "A One-Way, Stackless Quicksort Algorithm"
, journal = 	 "BIT"
, year = 	 1986
, volume = 	 26
, pages = 	 "127--130"
}

@article{katajainen:multisets
, author = 	 "Jyrki Katajainen and Tomi Pasanen"
, title = 	 "Sorting Multisets Stably in Minimum Space"
, journal = 	 "Acta Informatica"
, year = 	 "1994"
, volume = 	 31
, number = 	 4
, pages = 	 "301--313"
, localfilename = "Katajainen_Multisets.pdf"
}

@article{katajainen:partitioning
, author = 	 "Jyrki Katajainen and Tomi Pasanen"
, title = 	 "Stable Minimum Space Partitioning in Linear Time"
, journal = 	 "BIT"
, year = 	 "1992"
, volume = 	 32
, pages = 	 "580--585"
, localfilename = "Katajainen_Partitioning.pdf"
}

@book{preparata:computational
, author =	 "Franco P. Preparata and Michael Ian Shamos"
, title =	 "Computational Geometry. An Introduction"
, publisher =	 "Springer"
, address =	 "Berlin"
, year =	 1988
, edition =	 "second"
, checked =	 "20020228jv"
}

@book{cormen:alg
, author =	 "Thomas Cormen and Charles Leiserson and Ronald Rivest and Clifford Stein"
, title =	 "Introduction to Algorithms"
, publisher =	 "McGraw Hill"
, year =	 2001
, edition =	 "second"
}
@inproceedings{raman:dynamic
, author = 	 "Rajeev Raman and Venkatesh Raman and S. Srinivasa Rao"
, title = 	 "Succinct Dynamic Data Structures"
, pages = 	 "426--437"
, booktitle =    "Algorithms and Data Structures, 7th International
		  Workshop, {WADS} 2001"
, year =         2001
, editor =       "Frank Dehne and J{\"o}rg-R{\"u}diger 
                  Sack and Roberto Tamassia"  
, volume =       2125
, series =       "Lecture Notes in Computer Science"
, publisher =    "Springer"
, address =      "Berlin"
, localfilename = "RRR_Succinct.pdf"
}

@inproceedings{raman:indexable
, author = 	 "Rajeev Raman and Venkatesh Raman and S. Srinivasa Rao"
, title = 	 "Succinct Indexable Dictionaries with Applications to
                  Encodung $k$-ary Trees and Multisets"
, pages = 	 "233--242"
, booktitle =    "Proceedings of the Thirteenth Annual {ACM}-{SIAM}
                  Symposium on Discrete Algorithms"
, year =         2002
, publisher =    "Association for Computing Machinery"
, localfilename = "RRR_Indexable.ps"
}

@article{wegner:generalized
, author = 	 "Lutz Michael Wegner"
, title = 	 "A Generalized, Stackless Quicksort Algorithm"
, journal = 	 "BIT"
, year = 	 1987
, volume = 	 27
, pages = 	 "44--48"
}
