@article{ht08,
  author    = {M. M. Halld{\'o}rsson and
               T. Tokuyama},
  title     = {Minimizing interference of a wireless ad-hoc network in
               a plane},
  journal   = {Theoretical Computer Science},
  volume    = {402},
  number    = {1},
  year      = {2008},
  pages     = {29-42},
  ee        = {http://dx.doi.org/10.1016/j.tcs.2008.03.003},
  bibsource = {DBLP, http://dblp.uni-trier.de}
}

@article{kdh11,
  author    = {M. Khabbazian and
               S. Durocher and
               A. Haghnegahdar},
  title     = {Bounding Interference in Wireless Ad Hoc Networks with Nodes
               in Random Position},
  journal   = {CoRR},
  volume    = {abs/1111.6689},
  year      = {2011},
  ee        = {http://arxiv.org/abs/1111.6689},
  bibsource = {DBLP, http://dblp.uni-trier.de}
}

@inproceedings{vR05,
  author    = {P. von Rickenbach and
               S. Schmid and
               R. Wattenhofer and
               A. Zollinger},
  title     = {A Robust Interference Model for Wireless Ad-Hoc Networks},
  booktitle = {IPDPS},
  year      = {2005},
  ee        = {http://doi.ieeecomputersociety.org/10.1109/IPDPS.2005.65},
  crossref  = {DBLP:conf/ipps/2005},
  bibsource = {DBLP, http://dblp.uni-trier.de}
}

@proceedings{DBLP:conf/ipps/2005,
  title     = {19th International Parallel and Distributed Processing Symposium
               (IPDPS 2005), CD-ROM / Abstracts Proceedings, 4-8 April
               2005, Denver, CO, USA},
  booktitle = {IPDPS},
  publisher = {IEEE Computer Society},
  year      = {2005},
  isbn      = {0-7695-2312-9},
  bibsource = {DBLP, http://dblp.uni-trier.de}
}

@Article{c52,
  author =       {H. Chernoff},
  title =        {A Measure of the Asymptotic Efficient of Tests of a
                  Hypothesis based on the Sum of Observations},
  journal =      {Annals of Mathematical Statistics},
  year =         1952,
  volume =       23,
  pages =        {493--507}
}



@Article{msz11,
author      = {A. Maheshwari and M. Smid and N. Zeh},
title       = {Low-interference networks in metric spaces with bounded doubling dimension},
journal     = {Information Processing Letters},
volume      = {111},
number      = {23–24},
pages       = {1120–1123},
year        = {2011},
publisher   = {Elsevier}
}

@article{kkmns10,
  author    = {E. Kranakis and
               D. Krizanc and
               P. Morin and
               L. Narayanan and
               L. Stacho},
  title     = {A Tight Bound on the Maximum Interference of Random Sensors
               in the Highway Model},
  journal   = {CoRR},
  volume    = {abs/1007.2120},
  year      = {2010},
  ee        = {http://arxiv.org/abs/1007.2120},
  bibsource = {DBLP, http://dblp.uni-trier.de}
}

@Book{as08,
  author =       {N. Alon and J. H. Spencer},
  title =        {The Probabilistic Method},
  publisher =    {John Wiley {\&} Sons},
  year =         2008,
  address =      {Hoboken},
  edition =      {Third}
}

@Article{p97,
  author =       {M. D. Penrose},
  title =        {The Longest Edge of the Random Minimal Spanning Tree},
  journal =      {The Annals of Applied Probability},
  volume =       {7},
  number =       {2},
  pages =        {340--361},
  year =         {1997},
} 

