 
@Article{as96,
  author =	 {C. R. Aragon and R. Seidel},
  title =	 {Randomized Search Trees},
  journal =	 {Algorithmica},
  year =	 1996,
  volume =	 16,
  number =	 {4},
  pages =	 {464-497}
}

@InProceedings{bmw03,
  author =	 {G. E. Blelloch and B. Maggs and M. Woo},
  title =	 {Space-Efficient Finger Search on Degree-Balanced
                  Search Trees},
  booktitle =	 {Proceedings of the 14th Annual ACM/SIAM Symposium on
                  Discrete Algorithms (SODA~2003)},
  note =	 {To appear},
  year =	 2003
}

@Article{bt80,
  author =	 {M. R. Brown and R. E. Tarjan},
  title =	 {The Design and Analysis of a Data Structure for
                  Representing Sorted Lists},
  journal =	 {SIAM Journal on Computing},
  year =	 1980,
  volume =	 9,
  number =	 3,
  pages =	 {594--614}
}

@TechReport{c95,
  author =	 {R. Cole},
  title =	 {On the Dynamic Finger Conjecture for Splay Trees
                  Part {II}: The Proof},
  institution =	 {Courant Institute, New York University},
  year =	 1995,
  number =	 {TR1995-701}
}

@InProceedings{gmpr77,
  author =	 {L. J. Guibas and E. M. McCreight and M. F. Plass and
                  J. R. Roberts},
  title =	 {A New Representation for Linear Lists},
  booktitle =	 {Proceedings of the 9th Annual ACM Symposium on the
                  Theory of Computing (STOCS'77)},
  pages =	 {49--60},
  year =	 1977
}

@InProceedings{gr93,
  author =	 {I. Galperin and R. Rivest},
  title =	 {Scapegoat Trees},
  booktitle =	 {Proceedings of the 4th Annual ACM-SIAM Symposium on
                  Discrete Algorithms (SODA '93)},
  pages =	 {165--174},
  year =	 1993,
}

@Article{hm82,
  author =	 {S. Huddleston and K. Mehlhorn},
  title =	 {A New Data Structure for Representing Sorted Lists},
  journal =	 {Acta Informatica},
  year =	 1982,
  volume =	 17,
  pages =	 {157--184}
}

@InProceedings{i01,
  author =	 "J. Iacono",
  title =	 "Alternatives to Splay Trees with {$O(\log n)$}
                  Worst-case Access Times",
  pages =	 "516--522",
  booktitle =	 "Proceedings of the Twelfth Annual {ACM}-{SIAM}
                  Symposium on Discrete Algorithms ({SODA}~2001)",
  year =	 "2001",
}

@InProceedings{il02,
  author =	 {J. Iacono and S. Langerman},
  title =	 {Queaps},
  booktitle =	 {Proceedings of the 13th Annual International
                  Symposium on Algorithms and Computation (ISAAC~2002)},
  year =	 2002,
  note =         {To appear}
}

@Article{st85a,
  author =	 {D. D. Sleator and R. E. Tarjan},
  title =	 {Self-Adjusting Binary Search Trees},
  journal =	 {Journal of the ACM},
  year =	 1985,
  volume =	 32,
  number =	 2,
  pages =	 {652--686}
}

@Article{st85b,
  author =	 "D. D. Sleator and R. E. Tarjan",
  title =	 "{Amortized Efficiency of List Update and Paging
                  Rules}",
  journal =	 "Communications of the ACM",
  volume =	 "28",
  pages =	 "202--208",
  year =	 "1985",
}

@Article{p90,
  author =       "W. Pugh",
  title =        "Skip Lists: {A} Probabilistic Alternative to Balanced
                 Trees",
  journal =      "Communications of the ACM",
  volume =       "33",
  number =       "6",
  pages =        "668--676",
  year =         "1990",
}