@String{cgta = {Computational Geometry Theory and Applications}}                
@String{ijcga = {International Journal of Computational Geometry and Applications}}
@String{cma = {Computers and Mathematics with Applications}}
@String{sz = {Systematic Zoology}}
@String{ga = {Geographical Analysis}}
@String{pr = {Pattern Recognition}}
@String{wn = {Wireless Networks}}
@String{ai = {Acta Informatica}}
@String{amm = {American Mathematics Monthly}}


@TechReport{dgm09,
  author = 	 {L. Devroye and J. Gudmundsson and P. Morin},
  title = 	 {On the Expected Maximum Degree 
                  of {G}abriel and {Y}ao Graphs},
  institution =  {arXiv},
  year = 	 2009,
  number = 	 {cs0905.3584},
  url =          {http://arxiv.org/abs/0905.3584}
}

@Book{ape92,
 author =       {N.~Alon and J.~Spencer and and P.~Erd\"os},
 title =        {The Probabilistic Method},
 publisher =    {John Wiley},
 address =      {New York},
 year =         {1992}
}

@Article{bey91,
  author =      {M.~Bern and D.~Eppstein and F.~Yao},
  title =       {The expected extremes in a {D}elaunay triangulation},
  journal =     ijcga,
  volume =      {1},
  pages =       {79--91},
  year =        {1991}
}

@Article{d88,
  author =      {L.~Devroye},
  title =       {The expected size of some graphs in computational geometry},
  journal =     cma,
  volume =      {15},
  pages =       {53--64},
  year =        {1988}
}

@Article{gs69,
  author =      {K.~R.~Gabriel and R.~R.~Sokal},
  title =       {A new statistical approach to geographic variation analysis},
  journal =     sz,
  volume =      {18},
  pages =       {259--278},
  year =        {1969}
}

@Article{ms80,
  author =       {D.~W.~Matula and R.~R.~Sokal},
  title =        {Properties of {G}abriel graphs relevant to geographic variation research and the clustering of points in the plane},
  journal =      ga,
  volume =       {12},
  pages =        {205--222},
  year =         {1980}
}

@InProceedings{m89,
  author =       {C.~McDiarmid},
  title =        {On the method of bounded differences},
  booktitle =    {Surveys in Combinatorics 1989},
  volume =       {141},
  pages =        {148--188},
  series =       {London Mathematical Society Lecture Notes Series},
  publisher =    {Cambridge University Press},
  address =      {Cambridge},
  year =         {1989}
}

@Book{p85,
  author =       {E.~M.~Palmer},
  title =        {Graphical Evolution},
  publisher =    {John Wiley},
  address =      {New York},
  year =         {1985}
}

@Article{t80a,
  author =       {G.~T.~Toussaint},
  title =        {The relative neighborhood graph of a finite planar set},
  journal =      pr,
  volume =       {12},
  pages =        {261--268},
  year =         {1980}
}

@InProceedings{t80b,
  author =       {G.~T.~Toussaint},
  title =        {Pattern recognition and geometrical complexity},
  booktitle =    {Fifth International Conference on Pattern Recognition},
  pages =        {1324--1347},
  address =      {Florida},
  month =        {December},
  year =         {1980}
}

@InCollection{t82,
  author =       {G.~T.~Toussaint},
  title =        {Computational geometric problems in pattern recognition},
  booktitle =    {Pattern Recognition Theory and Applications},
  editor =       {J.~Kittler and K.~S.~Fu and L.~F.~Pau},
  pages =        {73--91},
  series =       {NATO Science Series C},
  volume =       {81},
  publisher =    {Springer},
  year =         {1982},
}

@Article{bmsu01,
  author =	 {P. Bose and P. Morin and I. Stojmenovi\'c and J. Urrutia},
  title =	 {Routing with guaranteed delivery in \emph{ad hoc}
                  wireless networks},
  journal =	 wn,
  year =	 2001,
  volume =	 7,
  number =	 6,
  pages =	 {609--616},
}

@inproceedings{kk00,
 author = {B. Karp and H. T. Kung},
 title = {{GPSR}: greedy perimeter stateless routing for wireless networks},
 booktitle = {MobiCom '00: Proceedings of the 6th annual international conference on Mobile computing and networking},
 year = {2000},
 pages = {243--254},
 location = {Boston, Massachusetts, United States},
 doi = {http://doi.acm.org/10.1145/345910.345953},
 publisher = {ACM},
 address = {New York, NY, USA},
}


@Article{y82,
  author = 	 {A. C.-C. Yao},
  title = 	 {On Constructing Minimum Spanning Trees in {$k$}-dimensional spaces and related problems},
  journal = 	 sicomp,
  year = 	 1982,
  volume = 	 11,
  number = 	 4,
  pages = 	 {721--736}
}



@InProceedings{lwy01,
  author = 	 {X.-Y. Li and P.-J. Wan and W. Yu},
  title = 	 {Power Efficient and Sparse Spanner for Wireless Ad Hoc Networks},
  booktitle = {IEEE International Conference on Computer Communications and Networks (ICCCN01)},
  year = 	 2001,
  address = 	 {Scottsdale, Arizona},
  month = 	 {October}
}



@Article{bfno03,
  author = 	 {L. Barri{\`e}re and P. Fraigniaud 
                  and L. Narayanan and J. Opatrny},
  title = 	 {Robust position-based routing in wireless ad hoc networks with irregular transmission range},
  journal = 	 {Wireless Communications and Mobile Computing},
  year = 	 2003,
  volume = 	 3,
  number = 	 2,
  pages = 	 {141--153}
}

@article{svz07,
 author = {C. Schindelhauer and K. Volbert and M. Ziegler},
 title = {Geometric spanners with applications in wireless networks},
 journal = cgta,
 volume = {36},
 number = {3},
 year = {2007},
 pages = {197--214},
 doi = {http://dx.doi.org/10.1016/j.comgeo.2006.02.001},
 publisher = {Elsevier Science Publishers B. V.},
 address = {Amsterdam, The Netherlands, The Netherlands},
}

@InProceedings{glsv02,
  author = 	 {M. Gr{\"u}newald and T. Lukovszki and C. Schindelhauer and K. Volbert},
  title = 	 {Distributed maintenance of resource efficient wireless network topologies},
  booktitle = {8th EURO-PARA02},
  pages = 	 {935--946},
  year = 	 2002
}


@Book{clrs06,
	author = {Cormen, T. H.  and Leiserson, C. E.  and Rivest, R. L.  and Stein, C. },
	title = {Introduction to Algorithms},
        edition = {2nd},
        address = {Cambridge, Massachussets},
	publisher = {MIT Press},
        year = {2006}
}



@InProceedings{wlbw01,
  author = 	 {R. Wattenhofer L. Li, P. Bahl and Y.-M. Wang},
  title = 	 {Distributed topology control for wireless multihop ad-hoc
networks},
  booktitle = {IEEE INFOCOM},
  year = 	 2001,
}



@Article{wl06,
  author = 	 {Y. Wang and X.-Y. Li},
  title = 	 {Localized Construction of Bounded Degree and Planar Spanner for wireless ad hoc networks,},
  journal = 	 {ACM Mobile Network and Applications(MONET)},
  year = 	 2006,
  volume = 	 11,
  number = 	 2,
  pages = 	 {161--175}
}

@Book{ns07,
  author = 	 {G. Narasimhan and M. Smid},
  title = 	 {Geometric Spanner Networks},
  publisher = 	 {Cambridge University Press},
  year = 	 2007}

@Article{l88,
  author = 	 {L. Devroye},
  title = 	 {Applications of the Theory of Records in the Study of Random Trees},
  journal = 	 ai,
  year = 	 1988,
  volume = 	 26,
  pages = 	 {123--130}
}

@Article{g78,
  author = 	 {N. Glick},
  title = 	 {Breaking Records and Breaking Boards},
  journal = 	 amm,
  year = 	 1978,
  volume = 	 85,
  pages = 	 {2--26}
}

@Article{c52,
  author =       {H. Chernoff},
  title =        {A Measure of the Asymptotic Efficient of Tests of a
                  Hypothesis based on the Sum of Observations},
  journal =      {Annals of Mathematical Statistics},
  year =         1952,
  volume =       23,
  pages =        {493--507}
}

@Article{tma09,
  author =       {X. Ta, G. Mao and B. D. O. Anderson},
  title =        {On the Phase Transition Width of {$K$}-connectivity in Wireless Multi-hop Networks},
  journal =      {IEEE Transactions on Mobile Computing},
  volume =       {8},
  number =       {7},
  pages =        {936--949},
  year =         {2009},
  note =         {To appear}
}

@Book{p03,
  author =       {M. Penrose},
  title =        {Random Geometric Graphs},
  publisher =    {Oxford University Press},
  year =         {2003}
}
