@TechReport{as87,
  author =	 {N. Alon and B. Schieber},
  title =	 {Optimal Preprocessing for Answering On-Line Product
                  Queries},
  institution =	 {Tel-Aviv University},
  year =	 1987,
  number =	 {71/87}
}

@InProceedings{b-o83,
  author = 	 {M. Ben-Or},
  title = 	 {Lower Bounds for Algebraic Computation Trees},
  booktitle =	 {Proceedings of the 15th ACM Symposium on the Theory of Computing (STOC'83)},
  pages =	 {80--86},
  year =	 1983
}

@InProceedings{bbgs89,
  author =	 {O. Berkman and D. Breslauer and Z. Galil and
                  B. Schieber and U. Vishkin},
  title =	 {Highly Parallelizable Problems},
  booktitle =	 {Proceedings of the 21st Annual ACM Symposium on the
                  Theory of Computing},
  pages =	 {309--319},
  year =	 1989
}

@InProceedings{bf00,
  author =	 {M. A. Bender and M. Farach-Colton},
  title =	 {The {LCA} Problem Revisited},
  booktitle =	 {Proceedings of Latin American Theoretical
                  Informatics (LATIN~2000)},
  pages =	 {88--94},
  year =	 2000
}

@InProceedings{bkmt05,
  author = 	 {P. Bose and E. Kranakis and P. Morin and Y. Tang},
  title = 	 {Approximate Range Mode and Range Median Queries},
  booktitle =	 {Proceedings of the 22nd Symposium on Theoretical Aspects of Computer Science (STACS 2005)},
  year =	 2005,
  note =	 {To appear}
}

@InProceedings{c82,
  author =	 {B. Chazelle},
  title =	 {A Theorem on Polygon Cutting with Applications},
  booktitle =	 {In Proceedings of the IEEE Symposium on Foundations
                  of Computer Science},
  pages =	 {339--349},
  year =	 1982
}

@Article{dsst89,
  title =	 "Making Data Structures Persistent",
  author =	 "J. R. Driscoll and N. Sarnak and D. D. Sleator and
                  R. E. Tarjan",
  pages =	 "86--124",
  journal =	 "Journal of Computer and System Sciences",
  year =	 "1989",
  month =	 feb,
  volume =	 "38",
  number =	 "1",
}

@Article{e77,
  author =	 {P. van Emde Boas},
  title =	 {Preserving Order in a Forest in Less than
                  Logarithmic Time and Linear Space},
  journal =	 {Information Processing Letters},
  year =	 1977,
  volume =	 6,
  pages =	 {80--82}
}

@TechReport{km83,
  author =	 {T. Krijnen and L. G. L. T. Meertens},
  title =	 {Making {B}-Trees Work for {B}},
  institution =	 {The Mathematical Center},
  year =	 1983,
  number =	 {219/83},
  address =	 {Amsterdam}
}

@InProceedings{kms03,
  author = 	 {D. Krizanc and P. Morin and M. Smid},
  title = 	 {Range Mode and Range Median Queries on Lists and Trees},
  booktitle =	 {Proceedings of the
Fourteenth Annual International Symposium on Algorithms and
Computation (ISAAC 2003)},
  pages =	 {517--526},
  year =	 2003,
  volume =	 2906,
  series =	 {Lecture Notes in Computer Science}
}

@InProceedings{l78,
  author =	 {G. S. Lueker},
  title =	 {A Data Structure for Orthogonal Range Queries},
  booktitle =	 {Proceedings of the 19th IEEE Symposium on
                  Foundations of Computer Science},
  pages =	 {28--34},
  year =	 1978
}

@TechReport{m82,
  author =	 {E. W. Myers},
  title =	 {{AVL} Dags},
  institution =	 {Department of Computer Science, University of
                  Arizona},
  year =	 1982,
  number =	 {82-9}
}

@InProceedings{m84,
  author =	 {E. W. Myers},
  title =	 {Efficient Applicative Data Structures},
  booktitle =	 {Conference Record eleventh Annual {ACM} Symposium on
                  Principles of Programming Languages},
  pages =	 {66--75},
  year =	 1984
}

@Article{rtd83,
  author =	 {T. Reps and T. Teitelbaum and A. Demers},
  title =	 {Incremental Context-Dependent Analysis for
                  Language-Based Editors},
  journal =	 {ACM Transactions on Programming Languages and
                  Systems},
  year =	 1983,
  volume =	 5,
  pages =	 {449--477}
}

@TechReport{s85,
  author =	 {G. Swart},
  title =	 {Efficient Algorithms for Computing Geometric
                  Intersections},
  institution =	 {Department of Computer Science, University of
                  Washington},
  year =	 1985,
  number =	 {\#85-01-02},
  address =	 {Seattle}
}

@Article{st86,
  author =	 "N. Sarnak and R. E. Tarjan",
  title =	 "Planar point location using persistent search trees",
  journal =	 "Communications of the ACM",
  volume =	 "29",
  number =	 "7",
  pages =	 "669--679",
  month =	 jul,
  year =	 "1986",
}

@InProceedings{t96,
  author =	 {M. Thorup},
  title =	 {On {RAM} Priority Queues},
  booktitle =	 {Proceedings of the 7th ACM-SIAM Symposium on
                  Discrete Algorithms},
  pages =	 {59--67},
  year =	 1996
}

@Article{w83,
  author =	 {D. E. Willard},
  title =	 {Log-logarithmic Worst-Case Range Queries are
                  Possible in Space $\Theta(n)$},
  journal =	 {Information Processing Letters},
  year =	 1983,
  volume =	 17,
  number =	 2,
  pages =	 {81--84}
}


@Article{w85,
  author =	 {D. E. Willard},
  title =	 {New Data Structures for Orthogonal Queries},
  journal =	 {SIAM Journal on Computing},
  year =	 1985,
  pages =	 {232--253}
}

@InProceedings{y82,
  author =	 {A. C. Yao},
  title =	 {Space-Time Tradeoff for Answering Range Queries},
  booktitle =	 {Proceedings of the 14th Annual ACM Symposium on the
                  Theory of Computing},
  pages =	 {128--136},
  year =	 1982
}

@Article{y85,
  author =	 {A. C. Yao},
  title =	 {On the Complexity of Maintaining Partial Sums},
  journal =	 {SIAM Journal on Computing},
  year =	 1985,
  volume =	 14,
  pages =	 {277--288}
}

