

@InProceedings{admss95,
  title =	 "Euclidean Spanners: Short, Thin, and Lanky",
  author =	 "S. Arya and G. Das and D. M. Mount and J. S. Salowe
                  and M. Smid",
  pages =	 "489--498",
  booktitle =	 "Proceedings of the Twenty-Seventh Annual {ACM}
                  Symposium on the Theory of Computing (STOC'95)",
  year =	 "1995",
}

@Article{ams99,
  author =	 "S. Arya and D. M. Mount and M. Smid",
  title =	 "Dynamic Algorithms for Geometric Spanners of Small
                  Diameter: Randomized Solutions",
  journal =	 "Computational Geometry: Theory and Applications",
  volume =	 "13",
  pages =	 "91--107",
  year =	 "1999",
}

@TechReport{b77,
  author =	 {J. L. Bentley},
  title =	 {Algorithms for {K}lee's measure problems},
  institution =	 {Carnegie Mellon University},
  year =	 1977
}

@Article{b78,
  author =	 "J. L. Bentley",
  title =	 "Multidimensional Divide-and-Conquer",
  journal =	 "Communications of the ACM",
  volume =	 "23",
  number =	 "5",
  pages =	 "214--228",
  year =	 "1978",
}

@InProceedings{ds87,
  author =	 "P. Dietz and D. Sleator",
  title =	 "Two algorithms for maintaining order in a list",
  booktitle =	 "Proceedings of the Nineteenth Annual {ACM} Symposium
                  on Theory of Computing (STOC'87)",
  year =	 "1987",
  pages =	 "365--372",
}

@Book{gkp94,
  author =	 {R. L. Graham and D. E. Knuth and O. Patashnik},
  title =	 {Concrete Mathematics},
  publisher =	 {Addison-Wesley},
  year =	 1994,
  edition =	 {2nd}
}

@InProceedings{k88,
  title =	 "Approximating the Complete {Euclidean} Graph",
  author =	 "J. M. Keil",
  pages =	 "208--213",
  booktitle =	 "Proceedings of the 1st Scandinavian Workshop on
                  Algorithm Theory (SWAT'88)",
  year =	 "1988",
}

@Article{kg92,
  author =	 "J. M. Keil and C. A. Gutwin",
  title =	 "Classes of graphs which approximate the complete
                  {E}uclidean graph",
  journal =	 "Discrete {\&} Computational Geometry",
  volume =	 "7",
  year =	 "1992",
  pages =	 "13--28",
}

@InProceedings{l99,
  author =	 {T. Lukovszki},
  title =	 {New Results on Fault-Tolerant Geometric Spanner},
  booktitle =	 {Proceedings of the 6th International Workshop on
                  Algorithms and Data Structures (WADS'99)},
  pages =	 {193--204},
  year =	 1999
}

@Article{mn90,
  title =	 "Dynamic Fractional Cascading",
  author =	 "K. Mehlhorn and S. N{\"a}her",
  journal =	 "Algorithmica",
  pages =	 "215--241",
  year =	 "1990",
  volume =	 "5",
}

@InProceedings{rs91,
  author =	 {J. Ruppert and R. Seidel},
  title =	 {Approximating the {$d$}-dimensional complete
                  {E}uclidean graph},
  booktitle =	 {Proceedings of the Third Canadian Conference on
                  Computational Geometry (CCCG'91)},
  pages =	 {207--210},
  year =	 1991
}

