
@String{amm = {American Mathematical Monthly}}
@String{ijfcs = {International Journal of Foundations of Computer Science}}
@String{bstj = {Bell Systems Technical Journal}}
@String{soda97 = {Proceedings of the Eighth Annual ACM-SIAM Symposium on Discrete Algorithms}}
@String{soda98 = {Proceedings of the Ninth Annual ACM-SIAM Symposium on Discrete Algorithms}}
@String{soda01 = {Proceedings of the Twelfth Annual ACM-SIAM Symposium on Discrete Algorithms}}
@String{soda08 = {Proceedings of the 19th ACM-SIAM Symposium on Discrete Algorithms (SODA~2008)}}
@String{jsc = {Journal of Symbolic Computation}}
@String{cgta = {Computational Geometry Theory and Applications}}
@String{focs00 = {Proceedings of the 41st annual Symposium on Foundations of Computer Science}}
@String{focs06 = {Proceedings of the 47st annual Symposium on Foundations of Computer Science}}
@String{swat00 = {Proceedings of the seventh Scandinavian Workshop on Algorithm Theory}}

@Article{dl76,
  author = 	 {D. Dobkin and R. Lipton},
  title = 	 {Multidimensional Searching Problems},
  journal = 	 sicomp,
  year = 	 1976,
  volume =	 5,
  pages =	 {181--186}
}

@Article{lp77,
  author = 	 {D. T. Lee and F. P. Preparata},
  title = 	 {Location of a point in a planar subdivision and its applications},
  journal = 	 sicomp,
  year = 	 1977,
  volume =	 6,
  pages =	 {594--606}
}

@Article{p81,
  author = 	 {F. P. Preparata},
  title = 	 {A New Approach to Planar Point Location},
  journal = 	 sicomp,
  year = 	 1981,
  volume =	 10,
  pages =	 {473--483}
}


@Article{k83,
  author = 	 {D. Kirkpatrick},
  title = 	 {Optimal Search in Planar Subdivisions},
  journal = 	 sicomp,
  year = 	 1983,
  volume =	 12,
  number =	 1,
  pages =	 {28--35}
}

@Article{st86,
  author = 	 {N. Sarnak and R. E. Tarjan},
  title = 	 {Planar Point Location Using Persistent Search Trees},
  journal = 	 cacm,
  year = 	 1986,
  volume =	 29,
  number =	 7,
  pages =	 {669--679}
}

@Article{egs86,
  author = 	 {H. Edelsbrunner and L. J. Guibas and J. Stolfi},
  title = 	 {Optimal Point Location in a Monotone Subdivision},
  journal = 	 sicomp,
  year = 	 1986,
  volume =	 15,
  number =	 2,
  pages =	 {317--340}
}

@Article{m90,
  author = 	 {K. Mulmuley},
  title = 	 {A Fast Planar Partition Algorithm},
  journal = 	 jsc,
  year = 	 1990,
  volume =	 10,
  pages =	 {253--280}
}

@Article{p90,
  author = 	 {F. P. Preparata},
  title = 	 {Planar Point Location Revisited: A Guided Tour of a Decade of Research},
  journal = 	 ijfcs,
  year = 	 1990,
  volume =	 1,
  number =	 1,
  pages =	 {71--86}
}

@InProceedings{gor97,
  author = 	 {M. Goodrich and M. Orletsky and K. Ramaiyer},
  title = 	 {Methods for Achieving Fast Query Times in Point Location Data Structures},
  booktitle =	 soda97,
  pages =	 {757--766},
  year =	 1997
}

@InProceedings{as98,
  author = 	 {U. Adamy and R. Seidel},
  title = 	 {On the Exact Worst Case Query Complexity of Planar Point Location},
  booktitle =	 soda98,
  pages =	 {609--618},
  year =	 1998
}


@InProceedings{i01,
  author = 	 {J. Iacono},
  title = 	 {Optimal Planar Point Location},
  booktitle =	 soda01,
  pages =	 {240--241},
  year =	 2001
}

@Article{i04,
  author = 	 {J. Iacono},
  title = 	 {Expected asymptotically optimal planar point location},
  journal = 	 cgta,
  year = 	 2004,
  volume =	 29,
  number =	 1,
  pages =	 {19--22}
}

@InProceedings{amm01a,
  author = 	 {S. Arya and T. Malamatos and D. M. Mount},
  title = 	 {Entropy-preserving cuttings and space-efficient planar point location},
  booktitle =	 soda01,
  pages =	 {256--261},
  year =	 2001
}

@InProceedings{amm01b,
  author = 	 {S. Arya and T. Malamatos and D. M. Mount},
  title = 	 {A simple entropy-based algorithm for planar point location},
  booktitle =	 soda01,
  pages =	 {262--268},
  year =	 2001
}

@InProceedings{amm00,
  author = 	 {S. Arya and T. Malamatos and D. M. Mount},
  title = 	 {Nearly optimal expected-case planar point location},
  booktitle =	 focs00,
  pages =	 {208--218},
  year =	 2000
}

@InProceedings{acmr00,
  author = 	 {S. Arya and S. W. Cheng and D. M. Mount and H. Ramesh},
  title = 	 {Efficient expected-case algorithms for planar point location},
  booktitle =	 swat00,
  pages =	 {353--366},
  year =	 2000
}

@Article{s48,
  author = 	 {C. E. Shannon},
  title = 	 {A mathematical theory of communication},
  journal = 	 bstj,
  year = 	 1948,
  pages =	 {379--423 and 623-656}
}

@Book{ps85,
  author =       {F. P. Preparata and M. I. Shamos},
  title =        {Computational Geometry: An Introduction},
  publisher =    {Springer-Verlag},
  year =         1985,
  address =      {New-York}
}

@Article{k92,
  author = 	 {D. E. Knuth},
  title = 	 {Two Notes on Notation},
  journal = 	 amm,
  year = 	 1992,
  volume =	 99,
  number =	 5
}

@article{m75,
        Author = {K. Mehlhorn},
        Journal = {Acta Informatica},
        Pages = {287-295},
        Title = {Nearly optimal binary search trees},
        Volume = {5},
        Year = {1975}
}

@Article{bz04,
  author = 	 {W. A. Beyer and A. Zardecki},
  title = 	 {The Early History of the Ham Sandwich Theorem},
  journal = 	 {American Mathematical Monthly},
  year = 	 2004,
  volume =	 111,
  number =	 1,
  pages =	 {58--61}
}

@Article{j06,
  author =       {J. L. W. V. Jensen},
  title =        {Sur les fonctions convexes and les in\'egalit\'es
                  entre les valeurs moyennes},
  journal =      {Acta Mathematica},
  volume =       {30},
  pages =        {175--193},
  year =         {1906}
}

@Article{ammw07,
  author =       {S. Arya and T. Malamatos and D. M. Mount and K. C. Wong},
  title =        {Optimal Expected-Case Planar Point Location},
  journal =      sicomp,
  volume =       {37},
  number =       {2},
  pages =        {584--610}, 
  year =         {2007}
}

@InProceedings{c06,
  author =       {T. M. Chan},
  title =        {Point location in ${o(\log n)}$ time, {V}oronoi
diagrams in ${o(n \log n)}$ time, and other transdichotomous results in
computational geometry},
  booktitle =     focs06,
  pages =        {333--342},
  year =         {2006},
}

@InProceedings{p06,
  author =       {M. P\u{a}tra{\c{s}}cu},
  title =        {Planar Point Location in Sublogarithmic Time},
  booktitle =    focs06,
  pages =        {325-332},
  year =         {2006},
}

@Book{bcko08,
  title =        {Computational Geometry: Algorithms and Applications},
  author =       {M. de Berg and O. Cheong and M. van Kreveld and M.  Overmars},
  publisher =    {Springer-Verlag},
  edition =      {3rd},
  year =         {2008}
}


@Article{bdhlim07,
  author =	 {P. Bose and E. D. Demaine and F. Hurtado 
                  and S. Langerman and J. Iacono and P. Morin},
  journal =      {Discrete {\&} Computational Geometry},
  title =	 {Geodesic Ham-Sandwich Cuts},
  volume =       {37},
  number =       {3},
  pages =        {325--330},
  year =         {2007},
  note =         {Preliminary version appears
                  in \emph{Proceedings of the Twentieth ACM Symposium 
                  on Computational Geometry (SoCG 2004)}, pages 1-9. 
                  ACM Press, 2004.},
  link =	 {\publink{ps.gz}{cutting/ham-dcg.ps.gz}
                  \publink{pdf}{cutting/ham-dcg.pdf}
                  \publink{citeseer}{http://citeseer.ist.psu.edu/648174.html}},
}

@InProceedings{cdilm08,
  author =	 {S. Collette and V. Dujmovi\'c and J. Iacono and S.
Langerman and P. Morin},
  title =	 {Distribution-Sensitive Point Location in Convex
Subdivisions},
  booktitle =    soda08,
  pages =        {912--921},
  year =         {2008},
}

@Book{g08,
  author =       {R. M. Gray},
  title =        {Entropy and Information Theory},
  year =         {2008},
  note =         {Free book available online at
                  \url{http://www-ee.stanford.edu/~gray/it.html}}
}

