@String{ijgis = {International Journal of Geographic 
                 Information Systems}}

@String{cacm = {Communications of the ACM}}

@Article{bkoo97,
  author = 	 {M. de Berg and M. van Kreveld and R. van Oostrum 
                  and M. Overmars},
  title = 	 {Simple Traversal of a Subdivision Without Extra 
                 Storage},
  journal = 	 ijgis,
  volume =       {11},
  pages =        {359--373},
  year = 	 {1997}
}


@Article{gs85,
  author = 	 {L. J. Guibas and J. Stolfi},
  title = 	 {Primitives for the Manipulation of General 
                  Subdivisions and the Computation of {V}oronoi Diagrams},
  journal = 	 {ACM Transactions on Graphics},
  year = 	 1985,
  volume =	 4,
  pages =	 {74--123}
}




@Book{b86,
  author =	 {P. A. Burrough},
  title = 	 {Principles of Geographical Information Systems 
                  for Land Resources Assessment},
  publisher = 	 {Clarendon Press},
  year = 	 1986,
  number =	 12,
  series =	 {Monographs on Soil and Resources Survey},
  address =	 {Oxford}
}


@InCollection{pm90a,
  author = 	 {D. J. Peuquet and D. F. Marble},
  title = 	 {{ARC/INFO}: An Example of a contemporary 
                  Geographic Information System},
  booktitle = 	 {Introductory Readings in Geographic Information 
                  Systems},
  pages =	 {90--99},
  publisher =	 {Taylor {\&} Francis},
  year =	 1990
}


@InCollection{pm90b,
  author = 	 {D. J. Peuquet and D. F. Marble},
  title = 	 {Technical Description of the {DIME} System},
  booktitle = 	 {Introductory Readings in Geographic Information 
                  Systems},
  pages =	 {100--111},
  publisher =	 {Taylor {\&} Francis},
  year =	 1990
}

@Book{ps85,
  author =	 {Franco P. Preparata and Michael Ian Shamos},
  title = 	 {Computational Geometry},
  publisher = 	 {Springer-Verlag},
  year = 	 1985,
  address =	 {New York}
}

@Article{mp78,
  author = 	 {D. E. Muller and F. P. Preparata},
  title = 	 {Finding the Intersection of Two Convex Polyhedra},
  journal = 	 {Theoretical Computer Science},
  year = 	 1978,
  volume =	 7,
  number =	 2,
  pages =	 {217--236}
}

@Article{egs86,
  author = 	 {H. Edelsbrunner and L. J. Guibas and J. Stolfi},
  title = 	 {Optimal Point Location in a Monotone Subdivision},
  journal = 	 {{SIAM} Journal on Computing},
  year = 	 1986,
  volume =	 15,
  pages =	 {317--340}
}


@Article{gcr77,
  author = 	 {C. M. Gold and T. D. Charters and J. Ramsden},
  title = 	 {Automated Contour Mapping Using Triangular Element
                  Data and an Interpolant over each Irregular 
                  Triangular Domain},
  journal = 	 {Computer Graphics},
  year = 	 1977,
  volume =	 11,
  number =	 2,
  pages =	 {170--175}
}

@InProceedings{gm78,
  author = 	 {C. M. Gold and U. Maydell},
  title = 	 {Triangulation and Spatial Ordering in Computer 
                  Cartography},
  booktitle = 	 {Proceedings of the Canadian Cartographic Association 
                  Annual Meeting},
  pages =	 {69--81},
  year =	 1978
}

@InProceedings{gc86,
  author = 	 {C. Gold and S. Cormack},
  title = 	 {Spatially Ordered Networks and Topographic 
                  Reconstructions},
  booktitle = 	 {Proceedings of the 2nd International Symposium 
                  on Spatial Data Handling},
  pages =	 {74--85},
  year =	 1986
}

@Book{gkp94,
  author =	 {Ronald L. Graham and Donald E. Knuth and Oren Patashnik},
  title = 	 {Concrete Mathematics},
  publisher = 	 {Addison-Wesley},
  year = 	 1994,
  edition =	 {2nd}
}

@Book{mn99,
  author =	 {Kurt Mehlhorn and Stefan N{\"a}her},
  title = 	 {{LEDA} A Platform for Combinatorial and 
                  Geometric Computing},
  publisher = 	 {Cambridge University Press},
  year = 	 1999
}

@Article{hs80,
  author = 	 {D. S. Hirschberg and J. B. Sinclair},
  title = 	 {Decentralized Extrema-Finding in Circular Configurations
                  of Processes},
  journal = 	 cacm,
  year = 	 1980,
  volume =	 23,
  number =	 11,
  pages =	 {627--628}
}

@InProceedings{ads98,
  author =       "P. {Alliez} and O. {Devillers} and J. {Snoeyink}",
  title =        "Removing Degeneracies by Perturbing the Problem or
                 Perturbing the World",
  pages =        "8--9",
  booktitle =    "Proceedings of the 10th Canadian Conference on
                 Computational Geometry",
  location =     "Montr{\'e}al, Qu{\'e}bec, Canada",
  year =         "1998",
  publisher =    "School of Computer Science, McGill University",
  address =      "Montr{\'e}al, Qu{\'e}bec, Canada",
}