@article{jm94,
  author    = {S. Jadhav and A. Mukhopadhyay},
  title     = {Computing a Centerpoint of a Finite Planar Set of Points
               in Linear Time.},
  journal   = {Discrete {\&} Computational Geometry},
  volume    = {12},
  year      = {1994},
  pages     = {291-312},
}

@InCollection{e93,
  author =	 {J. Eckhoff},
  editor =	 {P. M. Gruber and J. M. Wills},
  title = 	 {{H}elly, {R}adon, and {C}arathéodory Type Theorems},
  booktitle =    {Handbook of Convex Geometry},
  chapter = 	 {2.1},
  publisher = 	 {North-Holland},
  year = 	 1993,
  address =	 {Amsterdam, Netherlands},
  pages =	 {389--448}
}

@Article{fm00,
  author =       "S.~P. Fekete and H.~Meijer",
  title =        "On Minimum Stars and Maximum Matchings",
  journal =      "Discrete and Computational Geometry",
  year =         "2000",
  volume =       "23",
  pages =        "389--407"
}

@InProceedings{t75,
  author = 	 {J. Tukey},
  title = 	 {Mathematics and the Picturing of Data},
  booktitle =	 {Proc. Int. Congress of Mathematicians},
  pages =	 {523--531},
  year =	 1975,
  volume =	 2
}

@article{lms94,
  author =       {C.-Y.~Lo and J.~Matousek and W.~Steiger},
  title =        {Algorithms for Ham-sandwich Cuts},
  journal =      {Discrete {\&} Computational Geometry},
  year =         {1994},
  volume =       {11},
  pages =        {433--452}
}

@Book{bkoo97,
  author =	 {M. de Berg and M. van Kreveld and M. Overmars and O. Schwarzkopf},
  title = 	 {Computational Geometry: Algorithms and Applications},
  publisher = 	 {Springer-Verlag},
  year = 	 1997,
  address =	 {Heidelberg}
}

@Book{ps85,
  author =	 {F. P. Preparata and M. I. Shamos},
  title = 	 {Computational Geometry: An Introduction},
  publisher = 	 {Springer-Verlag},
  year = 	 1985,
  address =	 {New-York}
}

@InProceedings{m91,
  author = 	 {J. Matou{\v{s}}ek},
  title = 	 {Approximations and Optimal Geometric Divide-and-Conquer},
  booktitle =	 {Proc. 23rd Ann. ACM Symposium on Theory of Computing},
  pages =	 {505--511},
  year =	 1991
}

@Article{bea73,
  author =	"M. Blum and R. W. Floyd and V. Pratt and R. R. Rivest and R. E. Tarjan",
  title =	"Time Bounds for Selection",
  journal =	"Journal of Computer and System Sciences",
  volume =      "7",
  number =      "4",
  pages =       "448--461",
  year = 	"1973",
}

@InProceedings{c04,
  author = 	 {T. M. Chan},
  title = 	 {An Optimal Randomized Algorithm for Maximum {T}ukey Depth},
  booktitle =	 {Proc. 15th ACM-SIAM Symposium on Discrete Algorithms (SODA~2004)},
  pages =	 {423--429},
  year =	 2004
}

@Book{m03,
  author =	 {J. Maout\v{s}ek},
  title = 	 {Using the {B}orsuk-{U}lam Theorem},
  publisher = 	 {Springer-Verlag},
  year = 	 2003,
  address =	 {Berlin}
}

@Misc{hssXX,
  author =	 {H. Hardin and N. J. A. Sloane and W. D. Smith},
  title =	 {Spherical Codes},
  howpublished = {Book in preparation}
}




@Article{ecoux95,
  author = 	 {V. Estivill-Castro and Joseph O'Rourke and J. Urrutia
                  and D. Xu},
  title = 	 {Illumination of polygons with vertex floodlights},
  journal = 	 {Information Processing Letters},
  year = 	 1995,
  volume = 	 56,
  pages = 	 {9--13}
}

@Article{mo01,
  author = 	 {J. S. B. Mitchell and Joseph O'Rourke},
  title = 	 {Computational geometry column 42},
  journal = 	 {International Journal of Computational Geometry and Applications},
  year = 	 2001,
  volume = 	 11,
  number = 	 5,
  pages = 	 {573--582}
}

@InProceedings{achs02,
  author = 	 {M. Abellenas and M. Claverol and F. Hurtado and C. Seara},
  title = 	 {$(a,k)$-sets en el plano},
  booktitle = {Proc. III Jornadas Españolas de Matemática Discreta},
  pages = 	 {11--14},
  year = 	 2002
}

@Article{abd99,
  author = 	 {D. Avis and B. Beresford and L. Devroye and Hossam. Elgindy
                  and Eric Gu\'evremont and F. Hurtado and B. Zhu},
  title = 	 {Unoriented $\theta$-maxima. Complexity and Algorithms},
  journal = 	 {SIAM Journal on Computing},
  year = 	 1999,
  volume = 	 28,
  number = 	 1,
  pages = 	 {278--296}
}

