

@Article{bo79,
  author =	 {J. L. Bentley and T. A. Ottman},
  title =	 {Algorithms for reporting and counting geometric
                  intersections},
  journal =	 {IEEE Transactions on Computing},
  year =	 1979,
  volume =	 {C-28},
  pages =	 {643--647}
}

@Article{c91,
  author =	 {B. Chazelle},
  title =	 {Triangulating a Simple Polygon in Linear Time},
  journal =	 {Discrete and Computational Geometry},
  year =	 1991,
  volume =	 6,
  pages =	 {485--524}
}

@Book{clr90,
  author =	 {T. H. Cormen and C. E. Leiserson and R. L. Rivest},
  title =	 {Introduction to Algorithms},
  publisher =	 {MIT Press},
  year =	 1990,
  address =	 {Cambridge}
}

@Article{ddk02,
  author =	 {E. D. Demaine and M. L. Demaine and C. S. Kaplan},
  title =	 {Polygons cuttable by a circular saw},
  journal =	 {Computational Geometry: Theory {\&} Applications},
  volume =	 {20},
  number =	 {1--2},
  pages =	 {69--84},
  note =	 {Special Issue of Selected Papers from the 12th
                  Annual Canadian Conference on Computational Geometry},
  year =	 2002
}

@Book{ps85,
  author =	 {F. P. Preparata and M. I. Shamos},
  title =	 {Computational Geometry},
  publisher =	 {Springer-Verlag},
  year =	 1985,
  address =	 {New York}
}

@InProceedings{mm01,
  author =	 {P. Morin and J. Morrison},
  title =	 {The geometry of carpentry and joinery},
  booktitle =	 {Proceedings of Fun with Algorithms 2 (FUN~2001)},
  pages =	 {262--268},
  year =	 2001
}
