@article{DBLP:journals/acta/Knuth71,
  author    = {Donald E. Knuth},
  title     = {{Optimum Binary Search Trees}},
  journal   = {Acta Inf.},
  volume    = {1},
  year      = {1971},
  pages     = {14-25},
  ee        = {http://dx.doi.org/10.1007/BF00264289},
  bibsource = {DBLP, http://dblp.uni-trier.de}
}

@article{DBLP:journals/jacm/SleatorT85,
  author    = {Daniel Dominic Sleator and
               Robert Endre Tarjan},
  title     = {{Self-Adjusting Binary Search Trees}},
  journal   = {J. ACM},
  volume    = {32},
  number    = {3},
  year      = {1985},
  pages     = {652-686},
  ee        = {http://doi.acm.org/10.1145/3828.3835},
  bibsource = {DBLP, http://dblp.uni-trier.de}
}

@inproceedings{DBLP:conf/soda/Iacono01a,
  author    = {John Iacono},
  title     = {{Alternatives to splay trees with O(log n) worst-case access
               times}},
  booktitle = {SODA},
  year      = {2001},
  pages     = {516-522},
  ee        = {http://dl.acm.org/citation.cfm?id=365411.365522},
  crossref  = {DBLP:conf/soda/2001},
  bibsource = {DBLP, http://dblp.uni-trier.de}
}

@proceedings{DBLP:conf/soda/2001,
  editor    = {S. Rao Kosaraju},
  title     = {{Proceedings of the Twelfth Annual Symposium on Discrete
               Algorithms, January 7-9, 2001, Washington, DC, USA}},
  booktitle = {SODA},
  publisher = {ACM/SIAM},
  year      = {2001},
  isbn      = {0-89871-490-7},
  ee        = {http://dl.acm.org/citation.cfm?id=365411},
  bibsource = {DBLP, http://dblp.uni-trier.de}
}

@article{DBLP:journals/algorithmica/IaconoL05,
  author    = {John Iacono and
               Stefan Langerman},
  title     = {{Queaps}},
  journal   = {Algorithmica},
  volume    = {42},
  number    = {1},
  year      = {2005},
  pages     = {49-56},
  ee        = {http://dx.doi.org/10.1007/s00453-004-1139-5},
  bibsource = {DBLP, http://dblp.uni-trier.de}
}

@article{DBLP:journals/siamcomp/ColeMSS00,
  author    = {Richard Cole and
               Bud Mishra and
               Jeanette P. Schmidt and
               Alan Siegel},
  title     = {{On the Dynamic Finger Conjecture for Splay Trees. Part I:
               Splay Sorting log n-Block Sequences}},
  journal   = {SIAM J. Comput.},
  volume    = {30},
  number    = {1},
  year      = {2000},
  pages     = {1-43},
  ee        = {http://dx.doi.org/10.1137/S0097539797326988},
  bibsource = {DBLP, http://dblp.uni-trier.de}
}

@article{DBLP:journals/siamcomp/Cole00,
  author    = {Richard Cole},
  title     = {{On the Dynamic Finger Conjecture for Splay Trees. Part II:
               The Proof}},
  journal   = {SIAM J. Comput.},
  volume    = {30},
  number    = {1},
  year      = {2000},
  pages     = {44-85},
  ee        = {http://dx.doi.org/10.1137/S009753979732699X},
  bibsource = {DBLP, http://dblp.uni-trier.de}
}

@article{DBLP:journals/iandc/HoffmanMRT86,
  author    = {Kurt Hoffman and
               Kurt Mehlhorn and
               Pierre Rosenstiehl and
               Robert Endre Tarjan},
  title     = {{Sorting Jordan Sequences in Linear Time Using Level-Linked
               Search Trees}},
  journal   = {Information and Control},
  volume    = {68},
  number    = {1-3},
  year      = {1986},
  pages     = {170-184},
  ee        = {http://dx.doi.org/10.1016/S0019-9958(86)80033-X},
  bibsource = {DBLP, http://dblp.uni-trier.de}
}

@article{DBLP:journals/tcs/BadoiuCDI07,
  author    = {Mihai Badoiu and
               Richard Cole and
               Erik D. Demaine and
               John Iacono},
  title     = {{A unified access bound on comparison-based dynamic dictionaries}},
  journal   = {Theor. Comput. Sci.},
  volume    = {382},
  number    = {2},
  year      = {2007},
  pages     = {86-96},
  ee        = {http://dx.doi.org/10.1016/j.tcs.2007.03.002},
  bibsource = {DBLP, http://dblp.uni-trier.de}
}

@inproceedings{DBLP:conf/wads/DerryberryS09,
  author    = {Jonathan Derryberry and
               Daniel Dominic Sleator},
  title     = {{Skip-Splay: Toward Achieving the Unified Bound in the BST
               Model}},
  booktitle = {WADS},
  year      = {2009},
  pages     = {194-205},
  ee        = {http://dx.doi.org/10.1007/978-3-642-03367-4_18},
  crossref  = {DBLP:conf/wads/2009},
  bibsource = {DBLP, http://dblp.uni-trier.de}
}

@proceedings{DBLP:conf/wads/2009,
  editor    = {Frank K. H. A. Dehne and
               Marina L. Gavrilova and
               J{\"o}rg-R{\"u}diger Sack and
               Csaba D. T{\'o}th},
  title     = {{Algorithms and Data Structures, 11th International Symposium,
               WADS 2009, Banff, Canada, August 21-23, 2009. Proceedings}},
  booktitle = {WADS},
  publisher = {Springer},
  series    = {Lecture Notes in Computer Science},
  volume    = {5664},
  year      = {2009},
  isbn      = {978-3-642-03366-7},
  ee        = {http://dx.doi.org/10.1007/978-3-642-03367-4},
  bibsource = {DBLP, http://dblp.uni-trier.de}
}


@article{DBLP:journals/siamcomp/Wilber89,
  author    = {Robert E. Wilber},
  title     = {{Lower Bounds for Accessing Binary Search Trees with Rotations}},
  journal   = {SIAM J. Comput.},
  volume    = {18},
  number    = {1},
  year      = {1989},
  pages     = {56-67},
  ee        = {http://dx.doi.org/10.1137/0218004},
  bibsource = {DBLP, http://dblp.uni-trier.de}
}

@article{DBLP:journals/siamcomp/DemaineHIP07,
  author    = {Erik D. Demaine and
               Dion Harmon and
               John Iacono and
               Mihai Patrascu},
  title     = {{Dynamic Optimality - Almost}},
  journal   = {SIAM J. Comput.},
  volume    = {37},
  number    = {1},
  year      = {2007},
  pages     = {240-251},
  ee        = {http://dx.doi.org/10.1137/S0097539705447347},
  bibsource = {DBLP, http://dblp.uni-trier.de}
}

@article{DBLP:journals/jcss/BrodalLMTT03,
  author    = {Gerth St{\o}lting Brodal and
               George Lagogiannis and
               Christos Makris and
               Athanasios K. Tsakalidis and
               Kostas Tsichlas},
  title     = {{Optimal finger search trees in the pointer machine}},
  journal   = {J. Comput. Syst. Sci.},
  volume    = {67},
  number    = {2},
  year      = {2003},
  pages     = {381-418},
  ee        = {http://dx.doi.org/10.1016/S0022-0000(03)00013-8},
  bibsource = {DBLP, http://dblp.uni-trier.de}
}
