@phdthesis{dthesis,
author="Jonathan Derryberry",
title="Adaptive Binary Search Trees",
year="2009",
school="CMU"}

@misc{wrong,
booktitle="4th Bertinoro Workshop on Algorithms and Data Structures",
author="D. Sleator",
title="Achieving the Unified Bound in the {BST} Model",
note="Talk. No proceedings."
}

@techreport{lucas,
author="J. M. Lucas",
title="Canonical forms for competitive binary search tree algorithms",
year="1988",
institution="Tech. Rep. DCS-TR-250, Rutgers University",
}

@inproceedings{blum,
author="Avrim Blum and Shuchi Chawla and Adam Kalai",
title="Static optimality and dynamic search-optimality in lists and trees",
year="2002",
pages="1-8",
booktitle={{SODA'02: Proceedings of the 13th Annual ACM-SIAM Symposium on Discrete Algorithms}},
}