@inproceedings{Afshani07,
 author = {Afshani, P. and Chan, T. M.},
 title = {On approximate range counting and depth},
 booktitle = {SCG '07: Proceedings of the twenty-third annual symposium on Computational geometry},
 year = {2007},
 isbn = {978-1-59593-705-6},
 pages = {337--343},
 location = {Gyeongju, South Korea},
 publisher = {ACM},
 address = {New York, NY, USA},
 }

@article{Amaldi95,
  author = {Amaldi, E. and Kann, V.},
  title = {The Complexity and Approximability of Finding Maximum Feasible Subsystems of Linear Relations},
  journal = {Theoretical Computer Science},
  year = {1995},
  volume = {147},
  pages = {181--210},
  number = {1--2},
  owner = {dan},
  timestamp = {2006.07.21}
}

@ARTICLE{Bremner08,
  author = {Bremner, D. and Chen, D. and Iacono, J. and Langerman, S. and Morin,
	P.},
  title = {Output-Sensitive Algorithms For {T}ukey Depth And Related Problems},
  journal = {Statistics and Computing},
  year = {2008},
  volume = {18},
  pages = {259--266},
}

@INPROCEEDINGS{Bremner06,
  author = {Bremner, D. and Fukuda, K. and Rosta, V.},
  title = {Primal Dual Algorithms for Data Depth},
  booktitle = {Data Depth: Robust Multivariate Analysis, Computational Geometry,
	and Applications},
  year = {2006},
  series = {AMS DIMACS Book Series}
}

@inproceedings{Chan04,
 author = {Chan, T. M.},
 title = {An optimal randomized algorithm for maximum Tukey depth},
 booktitle = {SODA '04: Proceedings of the fifteenth annual ACM-SIAM symposium on Discrete algorithms},
 year = {2004},
 pages = {430--436},
 location = {New Orleans, Louisiana},
 publisher = {Society for Industrial and Applied Mathematics},
 address = {Philadelphia, PA, USA},
 }

@article{Chan05,
 author = {Chan, T. M.},
 title = {Low-Dimensional Linear Programming with Violations},
 journal = {SIAM Journal on Computing},
 volume = {34},
 number = {4},
 year = {2005},
 issn = {0097-5397},
 pages = {879--893},
 publisher = {Society for Industrial and Applied Mathematics},
 address = {Philadelphia, PA, USA}
 }

@article{Chazelle89,
 author = {B. Chazelle and E. Welzl},
 title = {Quasi-optimal range searching in spaces of finite {VC}-dimension},
 journal = {Discrete Comput. Geom.},
 volume = {4},
 number = {5},
 year = {1989},
 issn = {0179-5376},
 pages = {467--489},
 publisher = {Springer-Verlag New York, Inc.},
 address = {Secaucus, NJ, USA},
 }

@MASTERSTHESIS{Chen07,
  author = {Chen, D.},
  title = {A Branch and Cut Algorithm for the Halfspace Depth Problem},
  school = {Faculty of Computer Science, University of New Brunswick},
  address = {Fredericton, Canada},
  year = {2007}
}

@book{Chinneck08,
 author = {Chinneck, J. W.},
 title = {Feasibility and Infeasibility in Optimization: Algorithms and Computational Methods},
 series = {International Series in Operations Research and Management Sciences},
 volume = {118},
 year = {2008},
 isbn = {978-0387749310},
 publisher = {Springer},
 address = {New York, USA},
 }

@article{Clarkson93,
    author = "K. L. Clarkson",
    title = "A bound on local minima of arrangements that implies the upper bound theorem",
    journal = "Discrete and Computational Geometry",
    volume = "10",
    pages = "427--233",
    year = "1993"
 }

@inproceedings{Cortez07,
 author = {Cortez, P. and Morais, A.},
 title = {A Data Mining Approach to Predict Forest Fires using Meteorological Data},
 booktitle = {New Trends in Artificial Intelligence, Proceedings of the 13th {EPIA} 2007 - Portuguese Conference on Artificial Intelligence},
 editor = {Neves, J. and Santos, M. F. and Machado J.},
 year = {2007},
 pages = {512--523},
 location = {Guimar\~aes, Portugal},
 publisher = {Springer}
 }

@article{Cuesta08,
 author = {Cuesta-Albertos, J. A. and Nieto-Reyes, A.},
 title = {The random {T}ukey depth},
 journal = {Computational Statistics and Data Analysis},
 volume = {52},
 number = {11},
 year = {2008},
 issn = {0167-9473},
 pages = {4979--4988},
 publisher = {Elsevier Science Publishers B. V.},
 address = {Amsterdam, The Netherlands},
 }

@book{Edel87,
 author = {Edelsbrunner, H.},
 title = {Algorithms in Combinatorial Geometry},
 year = {1987},
 isbn = {0-387-13722-X},
 publisher = {Springer-Verlag},
 address = {Heidelberg, Germany},
 }

@ARTICLE{Hodges,
  author = {Hodges, J. L.},
  title = {A Bivariate Sign Test},
  journal = {The Annals of Mathematical Statistics},
  year = {1955},
  volume = {26},
  pages = {523--527},
  number = {3}
}

@ARTICLE{Johnson,
  author = {Johnson, D. S. and Preparata, F. P.},
  title = {The densest hemisphere problem},
  journal = {Theoretical Computer Science},
  year = {1978},
  volume = {6},
  pages = {93--107},
  number = {1},
  owner = {dan},
  timestamp = {2006.07.25}
}

@inproceedings{Langerman03,
 author = {Langerman, S. and Steiger, W.},
 title = {Optimization in Arrangements},
 booktitle = {Proceedings of the 20th Annual Symposium on Theoretical Aspects of Computer Science},
 year = {2003},
 volume = {2607},
 isbn = {3-540-00623-0},
 pages = {50--61},
 publisher = {Springer-Verlag},
 address = {London, UK},
 }

@incollection{Matousek92,
    author = {Matou\v{s}ek, J.},
    title = {Computing the center of planar point sets},
    booktitle = {Computational Geometry: Papers from the Special Year},
    pages = {221--230},
    publisher = {AMS},
    editor = {Goodman, J.E. and Pollack, R. and Steiger, W.},
    address = {Providence},
    year = {1991}
}

@article{Rousseeuw98,
 author = {Rousseeuw, P. J. and Struyf, A.},
 title = {Computing Location Depth and Regression Depth in Higher Dimensions},
 journal = {Statistics and Computing},
 volume = {8},
 number = {3},
 year = {1998},
 pages = {193--203},
 publisher = {Kluwer Academic Publishers},
 address = {Hingham, MA, USA},
 }

@INPROCEEDINGS{Tukey,
  author = {Tukey, J. W.},
  title = {Mathematics and the Picturing of Data},
  booktitle = {Proceedings of the International Congress of Mathematicians: Vancouver},
  year = {1975},
  volume = {2},
  pages = {523--531},
  address = {Montreal},
  organization = {Canadian Mathematical Congress}
}

@incollection{welzl92,
    author = {Welzl, E.},
    title = {On Spanning Trees with Low Crossing Numbers},
    booktitle = {Data Structures and Efficient Algorithms: Final Report on the {DFG} Special Joint Initiative, B. Monien and Th. Ottmann (Eds.), {LNCS} 594},
    series = {Lecture Notes in Computer Science},
    pages = {233--249},
    publisher = {Springer},
    editor = {Monien, B. and Ottmann, T.},
    address = {London},
    year = "1992"
}

@article{Wilcox03,
 author = {Wilcox, R.},
 title = {Approximating {T}ukey's Depth},
 journal = {Communications in Statistics - Simulation and Computation},
 volume = {32},
 number = {4},
 year = {2003},
 pages = {977--985}
 }

@misc{ucimlr07 ,
author = "A. Asuncion and D.J. Newman",
year = "2007",
title = "{UCI} Machine Learning Repository",
url = "http://www.ics.uci.edu/$\sim$mlearn/{MLR}epository.html",
institution = "University of California, Irvine, School of Information and Computer Sciences" } 
