

@String{sicomp = {SIAM Journal on Computing}}
@String{cgta = {Computational Geometry Theory and Applications}}
@String{dcg = {Discrete {\&} Computational Geometry}}
@String{ijcga = {International Journal of Computational Geometry and Applications}}
@String{cjtcs = {Chicago Journal of Theoretical Computer Science}}
@String{ieicet = {IEICE Transactions}}

@Article{gm91,
  author = 	 {S. K. Ghosh and D. Mount},
  title = 	 {An output sensitive algorithm for computing visibility graphs},
  journal = 	 sicomp,
  year = 	 1991,
  volume = 	 20,
  pages = 	 {888--910}
}

@InProceedings{so86,
  author = 	 {S. Suri and J. O'Rourke},
  title = 	 {Worst-case optimal algorithms for constructing visibility
     polygons with holes},
  booktitle =    {Proceedings of the Second Annual Symposium on Computational
     Geometry (SoCG~1986)},
  pages = 	 {14--23},
  year = 	 1986
}

@Book{o87,
  author = 	 {J. O'Rourke},
  title = 	 {Art Gallery Theorems and Applications},
  publisher = 	 {Oxford University Press},
  year = 	 1987
}

@InProceedings{fhjmz09,
  author = 	 {M. Fischer and 
                  M. Hilbig and 
                  C. J{\"a}hn and 
                  F. Meyer auf der Heide and 
                  M. Ziegler},
  title = 	 {Planar Visibility Counting},
  booktitle =    {Proceedings of the 25th European Workshop on Computational Geometry (EuroCG 2009)},
  pages =        {203--206},
  year =         {2009}
}

@article{fhjmz08,
  author    = {M. Fischer and
               M. Hilbig and
               C. J{\"a}hn and
               F. Meyer auf der Heide and
               M. Ziegler},
  title     = {Planar Visibility Counting},
  journal   = {CoRR},
  volume    = {abs/0810.0052},
  year      = {2008},
  ee        = {http://arxiv.org/abs/0810.0052},
  bibsource = {DBLP, http://dblp.uni-trier.de}
}

@article{gmr97,
  author    = {L. J. Guibas and
               R. Motwani and
               P. Raghavan},
  title     = {The Robot Localization Problem},
  journal   = sicomp,
  volume    = {26},
  number    = {4},
  year      = {1997},
  pages     = {1120-1138},
  bibsource = {DBLP, http://dblp.uni-trier.de}
}

@article{blm02,
  author    = {P. Bose and
               A. Lubiw and
               J. I. Munro},
  title     = {Efficient visibility queries in simple polygons},
  journal   = cgta,
  volume    = {23},
  number    = {3},
  year      = {2002},
  pages     = {313-335},
  bibsource = {DBLP, http://dblp.uni-trier.de}
}

@article{agtz02,
  author    = {Boris Aronov and
               Leonidas J. Guibas and
               Marek Teichmann and
               Li Zhang},
  title     = {Visibility Queries and Maintenance in Simple Polygons},
  journal   = dcg,
  volume    = {27},
  number    = {4},
  year      = {2002},
  pages     = {461-483},
  ee        = {http://link.springer.de/link/service/journals/00454/contents/01/0089/index.html},
  bibsource = {DBLP, http://dblp.uni-trier.de}
}

@article{pv96,
  author    = {M. Pocchiola and
               G. Vegter},
  title     = {The visibility complex},
  journal   = ijcga,
  volume    = {6},
  number    = {3},
  year      = {1996},
  pages     = {279-308},
  bibsource = {DBLP, http://dblp.uni-trier.de}
}

@article{zg08,
  author    = {A. R. Zarei and
               M. Ghodsi},
  title     = {Query point visibility computation in polygons with holes},
  journal   = cgta,
  volume    = {39},
  number    = {2},
  year      = {2008},
  pages     = {78-90},
  ee        = {http://dx.doi.org/10.1016/j.comgeo.2007.02.005},
  bibsource = {DBLP, http://dblp.uni-trier.de}
}

@Book{m02,
  author = 	 {J. Matou\v{s}ek},
  title = 	 {Lectures on Discrete Geometry},
  publisher = 	 {Springer},
  year = 	 2002,
  volume = 	 212,
  series = 	 {Springer Graduate Texts in Mathematic}
}

@article{e96,
  author    = {J. Erickson},
  title     = {New Lower Bounds for {H}opcroft's Problem},
  journal   = dcg,
  volume    = {16},
  number    = {4},
  year      = {1996},
  pages     = {389-418},
  ee        = {http://link.springer.de/link/service/journals/00454/bibs/16n4p389.html},
  bibsource = {DBLP, http://dblp.uni-trier.de}
}

@Book{bcko08,
  author = 	 {de Berg, M. and 
                  Cheong, O. and
                  van Kreveld, M. and
                  Overmars, M.},
  title = 	 {Computational Geometry Algorithms and Applications},
  publisher = 	 {Springer},
  year = 	 2008,
  edition = 	 {Third}
}

@article{m92,
  author    = {J. Matou\v{s}ek},
  title     = {Efficient Partition Trees},
  journal   = dcg,
  volume    = {8},
  year      = {1992},
  pages     = {315-334},
  bibsource = {DBLP, http://dblp.uni-trier.de}
}

@InCollection{ae99,
  author =       {P. K. Agarwal and J. Erickson},
  title =        {Geometric Range Searching and Its Relatives},
  booktitle =    {Advances in Discrete and Computational Geometry},
  pages =        {1--56},
  publisher =    {American Mathematical Society Press},
  year =         1999,
  editor =       {B. Chazelle and J. E. Goodman and R. Pollack},
  volume =       223,
  series =       {Contemporary Mathematics}
}

@article{e99b,
  author    = {J. Erickson},
  title     = {Lower Bounds for Linear Satisfiability Problems},
  journal   = cjtcs,
  volume    = {1999},
  year      = {1999},
  ee        = {http://cjtcs.cs.uchicago.edu/articles/1999/8/contents.html},
  bibsource = {DBLP, http://dblp.uni-trier.de}
}

@Book{as08,
  author = 	 {N. Alon and J. H. Spencer},
  title = 	 {The Probabilistic Method},
  publisher = 	 {John Wiley {\&} Sons},
  year = 	 2008,
  address = 	 {Hoboken},
  edition = 	 {Third}
}

@article{a85,
  author    = {T. Asano},
  title     = {An Efficient Algorithm for Finding the Visibility Polygon for a Polygonal Region with Holes},
  journal   = ieicet,
  pages     = {557--589},
  volume    = {E68-E},
  year      = {1985},
}

@inproceedings{so84,
  author = 	 {S. Suri and J. O'Rourke},
  title = 	 {Worst-Case Optimal Algorithms for Constructing 
                  Visibility Polygons with Holes},
  booktitle =    {Proceedings of the Second Annual Symposium on 
                  Computational Geometry (SCG~84)},
  pages =        {14--23},
  year =         {1984}
}

@article{c99,
  author    = {T. M. Chan},
  title     = {Geometric Applications of a Randomized Optimization Technique},
  journal   = dcg,
  volume    = {22},
  number    = {4},
  year      = {1999},
  pages     = {547-567},
  ee        = {http://link.springer.de/link/service/journals/00454/bibs/22n4p547.html},
  bibsource = {DBLP, http://dblp.uni-trier.de}
}

