@incollection {gonzaga87,
    AUTHOR = {Gonzaga, C. C.},
     TITLE = {An algorithm for solving linear programming problems in
              {$O(n\sp 3L)$} operations},
 BOOKTITLE = {Progress in mathematical programming (Pacific Grove, CA,
              1987)},
     PAGES = {1--28},
 PUBLISHER = {Springer},
   ADDRESS = {New York},
      YEAR = {1989},
   MRCLASS = {90C05 (90C30)},
  MRNUMBER = {MR982713 (90e:90078)},
MRREVIEWER = {Horst W. Hamacher},
}
	

@article {vaidya90,
    AUTHOR = {Vaidya, P. M.},
     TITLE = {An algorithm for linear programming which requires
              {$O(((m+n)n\sp 2+(m+n)\sp {1.5}n)L)$} arithmetic operations},
   JOURNAL = {Math. Programming},
  FJOURNAL = {Mathematical Programming},
    VOLUME = {47},
      YEAR = {1990},
    NUMBER = {2, (Ser. A)},
     PAGES = {175--201},
      ISSN = {0025-5610},
     CODEN = {MHPGA4},
   MRCLASS = {90C05},
  MRNUMBER = {MR1059392 (92a:90033)},
MRREVIEWER = {Peter Gritzmann},
}


@incollection {roos89,
    AUTHOR = {Roos, C.},
     TITLE = {An {$O(n\sp 3L)$} approximate center method for linear
              programming},
 BOOKTITLE = {Optimization (Varetz, 1988)},
    SERIES = {Lecture Notes in Math.},
    VOLUME = {1405},
     PAGES = {147--158},
 PUBLISHER = {Springer},
   ADDRESS = {Berlin},
      YEAR = {1989},
   MRCLASS = {90C05 (65K05)},
  MRNUMBER = {MR1036550 (91k:90100)},
}


	@article {HertogRoosVial92,
    AUTHOR = {den Hertog, D. and Roos, C. and Vial, J.-Ph.},
     TITLE = {A complexity reduction for the long-step path-following
              algorithm for linear programming},
   JOURNAL = {SIAM J. Optim.},
  FJOURNAL = {SIAM Journal on Optimization},
    VOLUME = {2},
      YEAR = {1992},
    NUMBER = {1},
     PAGES = {71--87},
      ISSN = {1052-6234},
     CODEN = {SJOPE8},
   MRCLASS = {90C05 (65K05)},
  MRNUMBER = {MR1147884 (93d:90032)},
MRREVIEWER = {Charles E. Blair},
}

@article {RoosVial92,
    AUTHOR = {Roos, C. and Vial, J.-Ph.},
     TITLE = {A polynomial method of approximate centers for linear
              programming},
   JOURNAL = {Math. Programming},
  FJOURNAL = {Mathematical Programming},
    VOLUME = {54},
      YEAR = {1992},
    NUMBER = {3, Ser. A},
     PAGES = {295--305},
      ISSN = {0025-5610},
     CODEN = {MHPGA4},
   MRCLASS = {90C05},
  MRNUMBER = {MR1159483 (93e:90036)},
MRREVIEWER = {Sven-{\AA}ke Gustafson},
}
		

@article {renegar88,
    AUTHOR = {Renegar, J.},
     TITLE = {A polynomial-time algorithm, based on {N}ewton's method, for
              linear programming},
   JOURNAL = {Math. Programming},
  FJOURNAL = {Mathematical Programming},
    VOLUME = {40},
      YEAR = {1988},
    NUMBER = {1, (Ser. A)},
     PAGES = {59--93},
      ISSN = {0025-5610},
     CODEN = {MHPGA4},
   MRCLASS = {90C05 (58C30 65K05 90C31)},
  MRNUMBER = {MR923697 (89b:90130)},
MRREVIEWER = {Hubertus Th. Jongen},
}


@ARTICLE{BelingMegiddo98,
        Author     = {P. A. Beling and N. Megiddo},
        Title      = {Using fast matrix multiplication to find basic solutions},
        Journal= {Theoretical Computer Science},
        Year       = {1998},
        Month      = sep,
        Volume     = {205},
        Number     = {1-2},
        Pages      = {307-316},
        Keywords   = {},
        NewKeywords= {},
        Abstract   = {},
        URL        = {},
        MyComment  = {},   
        WhereIFiledIt= {}}



@article {megiddo91,
    AUTHOR = {Megiddo, N.},
     TITLE = {On finding primal- and dual-optimal bases},
   JOURNAL = {ORSA J. Comput.},
  FJOURNAL = {ORSA Journal on Computing},
    VOLUME = {3},
      YEAR = {1991},
    NUMBER = {1},
     PAGES = {63--65},
      ISSN = {0899-1499},
   MRCLASS = {90C05 (65K05)},
  MRNUMBER = {MR1175345 (93d:90033)},
}

@book {chvatal80,
    AUTHOR = {Chv{\'a}tal, V.},
     TITLE = {Linear programming},
    SERIES = {A Series of Books in the Mathematical Sciences},
 PUBLISHER = {W. H. Freeman and Company},
   ADDRESS = {New York},
      YEAR = {1983},
     PAGES = {xiii+478},
      ISBN = {0-7167-1195-8; 0-7167-1587-2},
   MRCLASS = {90C05},
  MRNUMBER = {MR717219 (86g:90062)},
MRREVIEWER = {A. G. Azpeitia},
}

@article {vavasis96,
    AUTHOR = {Vavasis, S. A. and Ye, Y.},
     TITLE = {Identifying an optimal basis in linear programming},
      NOTE = {Interior point methods in mathematical programming},
   JOURNAL = {Ann. Oper. Res.},
  FJOURNAL = {Annals of Operations Research},
    VOLUME = {62},
      YEAR = {1996},
     PAGES = {565--572},
      ISSN = {0254-5330},
   MRCLASS = {90C05},
  MRNUMBER = {MR1389055 (96m:90036)},
}
