
@InProceedings{t75,
  author =       {J. W. Tukey},
  title =        {Mathematics and the picturing of data},
  booktitle =    {Proc. International Congress of Mathematicians},
  pages =        {523--531},
  year =         1975,
  volume =       2
}

@Article{c05,
  author = 	 {T. M. Chan},
  title = 	 {Low-Dimensional Linear Programming with Violations},
  journal = 	 {SIAM Journal on Computing},
  year = 	 2005,
  volume =	 34,
  pages =	 {879--893}
}

@InProceedings{bj02,
  author = 	 {G. S. Brodal and R. Jacob},
  title = 	 {Dynamic Planar Convex Hull},
  booktitle =	 {Proceedings of the 43rd IEEE Symposium on Foundations of 
                  Computer Science (FOCS~2002)},
  pages =	 {617--626},
  year =	 2002
}

@Article{m92,
  author = 	 {J. Matou\v{s}ek},
  title = 	 {Reporting Points in Halfspaces},
  journal = 	 {Computational Geometry: Theory and Applications},
  year = 	 1992,
  volume =	 2,
  pages =	 {169--186}
}

@InProceedings{r99,
  author = 	 {E. Ramos},
  title = 	 {On Range Reporting, Ray Shooting, and {$k$}-Level Construction},
  booktitle =	 {Proceedings of the 15th ACM Symposium on Computational 
                  Geometry (SoCG~1999)},
  pages =	 {390--399},
  year =	 1999
}

@Book{clrs01,
  author =       "T. H. Cormen and C. E. Leiserson and R. L. Rivest 
                  and C. Stein", 
  title =        "Introduction to Algorithms", 
  publisher =    "McGraw Hill", 
  year =         2001, 
  edition =      "second"
}

@Book{m98,
  author =	 {K. Mulmuley},
  title = 	 {Computational Geometry: An Introduction Through Randomized
                  Algorithms},
  publisher = 	 {Prentice-Hall},
  year = 	 1998
}

@Book{df98,
  author =	 {R. G. Downey and M. R. Fellows},
  title = 	 {Parameterized Complexity},
  publisher = 	 {Springer},
  year = 	 1998,
  series =	 {Monographs in Computer Science}
}

@Book{ps85,
  author =       {F. P. Preparata and M. I. Shamos},
  title =        {Computational Geometry: An Introduction},
  publisher =    {Springer-Verlag},
  year =         1985,
  address =      {New-York}
}

@inproceedings{b-o83,
  author    = {M. Ben-Or},
  title     = {Lower Bounds for Algebraic Computation Trees (Preliminary
               Report)},
  booktitle = {Proceedings of the Fifteenth Annual ACM Symposium on Theory
               of Computing (STOC83)},
  year      = {1983},
  pages     = {80-86},
}

@article {megiddo91,
    AUTHOR = {Megiddo, Nimrod},
     TITLE = {On finding primal- and dual-optimal bases},
   JOURNAL = {ORSA J. Comput.},
  FJOURNAL = {ORSA Journal on Computing},
    VOLUME = {3},
      YEAR = {1991},
    NUMBER = {1},
     PAGES = {63--65},
      ISSN = {0899-1499},
   MRCLASS = {90C05 (65K05)},
  MRNUMBER = {MR1175345 (93d:90033)},
}

@book {chvatal80,
    AUTHOR = {Chv{\'a}tal, Va{\v{s}}ek},
     TITLE = {Linear programming},
    SERIES = {A Series of Books in the Mathematical Sciences},
 PUBLISHER = {W. H. Freeman and Company},
   ADDRESS = {New York},
      YEAR = {1983},
     PAGES = {xiii+478},
      ISBN = {0-7167-1195-8; 0-7167-1587-2},
   MRCLASS = {90C05},
  MRNUMBER = {MR717219 (86g:90062)},
MRREVIEWER = {A. G. Azpeitia},
}

@article {vavasis96,
    AUTHOR = {Vavasis, Stephen A. and Ye, Yinyu},
     TITLE = {Identifying an optimal basis in linear programming},
      NOTE = {Interior point methods in mathematical programming},
  JOURNAL = {Annals of Operations Research},
    VOLUME = {62},
      YEAR = {1996},
     PAGES = {565--572},
      ISSN = {0254-5330},
   MRCLASS = {90C05},
  MRNUMBER = {MR1389055 (96m:90036)},
}

@Article{c95,
  author = 	 {K. L. Clarkson},
  title = 	 {Las Vegas algorithms for linear and integer programming when the dimension is small},
  journal = 	 {Journal of the ACM},
  year = 	 1995,
  volume =	 42,
  pages =	 {488--499}
}

@Article{d84,
  author = 	 {M. E. Dyer},
  title = 	 {Linear Time Algorithms for Two- and Three-Variable Linear Programs},
  journal = 	 {SIAM Journal on Computing},
  year = 	 1984,
  pages =	 {31--45}
}

@Article{m83,
  author = 	 {N. Megiddo},
  title = 	 {Linear Time Algorithms for Linear Programming in {$\mathbb{R}^3$} and Related Problems},
  journal = 	 {SIAM Journal on Computing},
  year = 	 1983,
  volume =	 12,
  pages =	 {759--776}
}

@Article{m84,
  author = 	 {N. Megiddo},
  title = 	 {Linear Programming in Linear Time when the Dimension is Fixed},
  journal = 	 {Journal of the ACM},
  year = 	 1984,
  volume =	 31,
  pages =	 {114--127}
}

@Article{s91,
  author = 	 {R. Seidel},
  title = 	 {Small-Dimensional Linear Programming and Convex Hulls Made Easy},
  journal = 	 {Discrete {\&} Computational Geometry},
  year = 	 1991,
  volume =	 6,
  pages =	 {423--434}
}

@InProceedings{sw92,
  author = 	 {M. Sharir and E. Welzl},
  title = 	 {A Combinatorial Bound for Linear Programming and Related Problems},
  booktitle =	 {Proceedings of the 9th Symposium on Theoretical Aspects of Computer Science},
  pages =	 {569--579},
  year =	 1992,
  volume =	 5777,
  series =	 {Lecture Notes in Computer Science}
}

