@Book{hr96,
  editor =	 {T. Y. Hong and A. Rosenfeld},
  title = 	 {Topological Algorithms for Digital Image Processing},
  publisher = 	 {Elsevier},
  year = 	 1996,
  address =	 {Amsterdam}
}

@Article{kr89,
  author = 	 {T. Y. Kong and A. Rosenfeld},
  title = 	 {Digital Topology: Introduction and Survey},
  journal = 	 {Computer Vision, Graphics and Image Processing},
  year = 	 1989,
  volume =	 48,
  pages =	 {357--393}
}

@Article{r70,
  author = 	 {A. Rosenfeld},
  title = 	 {Connectivity in Digital Pictures},
  journal = 	 {Journal of the ACM},
  year = 	 1970,
  volume =	 17,
  number =	 1,
  pages =	 {146--160}
}

@Article{r73,
  author = 	 {A. Rosenfeld},
  title = 	 {Arcs and curves in digital pictures},
  journal = 	 {Journal of the ACM},
  year = 	 1973,
  volume =	 20,
  number =	 {1},
  pages =	 {81--87}
}

@Article{r74,
  author =	 {A. Rosenfeld},
  title =	 {Adjacency in digital pictures},
  journal =	 {Information and Control},
  year =	 1974,
  volume =	 26,
  pages =	 {24--33}
}

@Article{rkn98,
  author = 	 {A. Rosenfeld and T. Y. Kong and A. Nakamura},
  title = 	 {Topology-preserving deformations of two-valued digital pictures},
  journal = 	 {Graphical Models and Image Processing},
  year = 	 1998,
  volume =	 60,
  pages =	 {24--34}
}

@Article{rn02,
  author = 	 {A. Rosenfeld and A. Nakamura},
  title = 	 {Two simply connected sets that have the same area are {IP}-equivalent},
  journal = 	 {Pattern Recognition},
  year = 	 2002,
  volume =	 35,
  number =	 {2},
  pages =	 {537--541}
}

@Article{rn97,
  author = 	 {A. Rosenfeld and A. Nakamura},
  title = 	 {Local deformations of digital curves},
  journal = 	 {Pattern Recognition Letters},
  year = 	 1997,
  volume =	 18,
  number =	 7,
  pages =	 {613--620}
}

@Article{rsn01,
  author = 	 {A. Rosenfeld and P. K. Sala and A. Nakamura},
  title = 	 {Interchangeable pairs of pixels in digital images},
  journal = 	 {Pattern Recognition},
  year = 	 2001,
  volume =	 34,
  number =	 {9},
  pages =	 {1853--1865}
}

@InProceedings{dp04,
  author = 	 {A. Dumitrescu and J. Pach},
  title = 	 {Pushing squares around},
  booktitle =	 {Proceedings of the 20th Annual ACM Symposium on Computational Geometry (SoCG2004)},
  pages =	 {116--123},
  year =	 2004
}

U.Eckhardt and L.Latecki, Digital Topology, Pre print. 
A.Giraldo, Topolog√≠a Digital, Pre publications of the Applied Mathematics Department, FIM/2/DMA/97, Computer Science Faculty, UPM, 1997. 
A.Giraldo, Digitizations preserving shape, Vision Geometry VI, Proc. of the 1997 SPIE Conference on Vision Geometry, San Diego, 1997. 
A.Giraldo, L.J.Latecki and Ari Gross, Digitizations preserving shape, Pattern Recognition. 
E.Khalimsky, Topological structures in computer science, J. Appl. Math. Simulation, 1, 1987, 25-40. 
T.Y.Kong, R.Kopperman y P.R.Meyer, A Topological Approach to Digital Topology, American Mathematical Monthly, 98, 1991, 901-917.1. 
T.Y.Kong, R.Kopperman y P.R.Meyer (eds.), Special Issue on Digital Topology, Topology and its Applications, 46, 1992. 
T.Y.Kong y A.Rosenfeld, Digital Topology: Introduction and Survey, Computer Vision, Graphics and Image Processing, 48, 1989, 357-393. 
T.Y.Kong y A.Rosenfeld (eds.), Special Issue on Topology and Geometry in Computer Vision, Journal of Mathematical Imaging and Vision, 6, 1996. 
T.Y.Kong, A.W.Roscoe and A.Rosenfeld, Concepts of Digital Topology, Topology and its Applications, 46, 1992, 219--262. 
V.A.Kovalevsky, Finite Topology as Applied to Image Analysis, Computer Vision, Graphics and Image Processing, 46, 1989, 141-161. 
E.H.Kronhemeir, The Topology of Digital Images, Topology and its Applications, 46, 1992, 279-303. 
A.McAndrews y C.Osborne, A survey of Algebraic Methods in Digital Topology, Journal of Mathematical Imaging and Vision (Special Issue on Topology and Geometry in Computer Vision), 6, 1996, 139-159. 
A.Rosenfeld, Digital Topology, American Mathematical Monthly, 86, 1979, 621--630. 
A.Rosenfeld, Continuous functions in digital pictures, Pattern Recognition Letters, 4, 1986, 177-184. 

