
@Article{ls93,
  author = {R. Liu and K. Singh},
  title = {A quality index based on data depth and multivariate rank tests}, 
  journal = {Journal of the American Statistical Association},
  volume = 88,
  number = 421,
  pages = {252--260},
  year =  1993
}

@TechReport{s91,
  author = {K. Singh},
  title = {A notion of majority depth},
  institution = {Department of Statistics, Rutgers University},
  year = 1991,
}

@Book{e97,
  author =       {H. Edelsbrunner},
  title =        {Algorithms in Combinatorial Geometry},
  publisher =    {Springer-Verlag},
  year =         1997,
  address =      {Heidelberg, Germany}
}

@InProceedings{cm11,
  author = {D. Chen and P. Morin},
  title = {Algorithms for Bivariate Majority Depth},
  booktitle = {Proceedings of the 23rd Canadian  Conference on Computational Geometry (CCCG'11)},
  pages = {425--430},
  year = 2011
}

@InProceedings{cm12,
  author = {D. Chen and P. Morin},
  title = {Approximating Majority Depth},
  booktitle = {Proceedings of the 24rd Canadian  Conference on Computational Geometry (CCCG'12)},
  pages = {229--234},
  year = 2011
}


@article{d98,
  author    = {T. K. Dey},
  title     = {Improved Bounds for Planar $k$-Sets and Related Problems},
  journal   = {Discrete {\&} Computational Geometry},
  volume    = {19},
  number    = {3},
  year      = {1998},
  pages     = {373-382},
  ee        = {http://dx.doi.org/10.1007/PL00009354},
  bibsource = {DBLP, http://dblp.uni-trier.de}
}

@inproceedings{t00,
  author    = {G. T{\'o}th},
  title     = {Point sets with many {\it k}-sets},
  booktitle = {Symposium on Computational Geometry},
  year      = {2000},
  pages     = {37-42},
  ee        = {http://doi.acm.org/10.1145/336154.336171},
  bibsource = {DBLP, http://dblp.uni-trier.de}
}

@Misc{c99,
  author = {T. M. Chan},
  title =  {Remarks on $k$-Level Algorithms in the Plane},
  howpublished = {Manuscript},
  url = {http://www.cs.uwaterloo.ca/~tmchan/lev2d_7_7_99.ps.gz},
  cited = {2012-04-26},
  year = {1999},
}

@InCollection{c04,
  author = {B. Chazelle}, 
  title = {The discrepancy method in computational geometry}, 
  chapter = 44,
  booktitle = {Handbook of Discrete and Computational Geometry},
  edition = {2nd},
  editor = {J.E. Goodman and J. Oâ€™Rourke},
  publisher = {CRC Press},
  address = {Boca Raton},
  year = 2004, 
  pages = {983--996}
}

@article{mww93,
  author = {J. Matou\v{s}ek and E. Welzl and L. Wernisch},
  title = {Discrepancy and approximations for bounded {VC}-dimension},    
  journal = {Combinatorica}, 
  volume = {13},
  pages = {455--466}, 
  year = {1993}
}



@inproceedings{bj02,
  author    = {G. S. Brodal and R. Jacob},
  title     = {Dynamic Planar Convex Hull},
  booktitle = {FOCS},
  year      = {2002},
  pages     = {617-626},
  ee        = {http://doi.ieeecomputersociety.org/10.1109/SFCS.2002.1181985},
  crossref  = {DBLP:conf/focs/2002},
  bibsource = {DBLP, http://dblp.uni-trier.de}
}
@proceedings{DBLP:conf/focs/2002,
  title     = {43rd Symposium on Foundations of Computer Science (FOCS
               2002), 16-19 November 2002, Vancouver, BC, Canada, Proceedings},
  booktitle = {FOCS},
  publisher = {IEEE Computer Society},
  year      = {2002},
  isbn      = {0-7695-1822-2},
  bibsource = {DBLP, http://dblp.uni-trier.de}
}

@inproceedings{dp07,
  author    = {Erik D. Demaine and
               Mihai Patrascu},
  title     = {Tight bounds for dynamic convex hull queries (again)},
  booktitle = {Symposium on Computational Geometry},
  year      = {2007},
  pages     = {354-363},
  ee        = {http://doi.acm.org/10.1145/1247069.1247131},
  crossref  = {DBLP:conf/compgeom/2007},
  bibsource = {DBLP, http://dblp.uni-trier.de}
}
@proceedings{DBLP:conf/compgeom/2007,
  editor    = {Jeff Erickson},
  title     = {Proceedings of the 23rd ACM Symposium on Computational Geometry,
               Gyeongju, South Korea, June 6-8, 2007},
  booktitle = {Symposium on Computational Geometry},
  publisher = {ACM},
  year      = {2007},
  isbn      = {978-1-59593-705-6},
  bibsource = {DBLP, http://dblp.uni-trier.de}
}

@article{c12,
  author    = {T. M. Chan},
  title     = {Optimal Partition Trees},
  journal   = {Discrete {\&} Computational Geometry},
  volume    = {47},
  number    = {4},
  year      = {2012},
  pages     = {661-690},
  ee        = {http://dx.doi.org/10.1007/s00454-012-9410-z},
  bibsource = {DBLP, http://dblp.uni-trier.de}
}

@article{lls01,
  author = {Y. Li and P. M. Long and A. Srinivasan}, 
  title = {Improved bounds on the sample complexity of learning}, 
  journal = {J. Comput. Syst. Sci.}, 
  volume = 62,
  pages = {516--527},
  year = 2001
}

@article{t94,
  author = {M. Talagrand}, 
  title = {Sharper bounds for Gaussian and empirical processes},
  journal = {Annals Probab.},
  volume = 22,
  pages = {28--76}, 
  year = 1994
}

@inproceedings{dkm96,
author = {R.~Dyckerhoff and G.~Koshevoy and K.~Mosler},
title = {Zonoid Data Depth: Theory and Computation},
booktitle = {COMPSTAT 1996 - {P}roceedings in {C}omputational {S}tatistics},
editor = {A.~Prat},
publisher={Physica-Verlag, Heidelberg},
month={August},
year = {1996},
pages = {235--240}
}

@InProceedings{t74,
  author = {J. W. Tukey},
  title = {Mathematics and the Picturing of Data},
  booktitle = {Proceedings of the International Congress of Mathematicians},
  pages = {523--531},
  year = {1974},
  editor = {Ralph D. James},
  volume = {2},
  address = {Vancouver Canada},
  month = {August},
}


@article{o83,
 author = {H. Oja},
 title = {Descriptive Statistics for Multivariate Distributions},
 journal = {Statistics and Probability Letters},
 volume = {1},
 number = {6},
 year = {1983},
 pages = {327--332}
 }

@incollection{a06,
 author = {G. Aloupis},
 title =  {Geometric Measures of Data Depth},
 series = {DIMACS Series in Discrete Mathematics and Theoretical Computer Science},
 volume = {72},
 booktitle = {Data Depth: Robust Multivariate Analysis, Computational Geometry and Applications}, 
 editor = {R.Liu and R.Serfling and D.Souvaine},
 publisher =  {American Mathematical Society},
 year = {2006},
 pages = {147--158}
}

@article{s90,
 author = {C. Small},
 title = {A survey of multidimensional medians},
 journal = {International Statistical Review},
 volume = 58,
 number = 3,
 pages = {263--277},
 year = {1990}
}

@article{l90,
  author = {R. Liu},
  title = {On a notion of data depth based on random simplices},
  journal = {Annals of Statistics}, 
  volume = {18},
  number = {1},
  pages = {405--414},
  year = {1990}
}

@Article{c52,
  author =       {H. Chernoff},
  title =        {A Measure of the Asymptotic Efficient of Tests of a
                  Hypothesis based on the Sum of Observations},
  journal =      {Annals of Mathematical Statistics},
  year =         1952,
  volume =       23,
  pages =        {493--507}
}

@incollection{n08,
  author =       {G. Nivasch},
  title =        {An improved, simple construction of many halving edges},
  booktitle =    {Surveys on Discrete and Computational Geometry: Twenty Years Later},
  editor =       {J. E. Goodman and J. Pach and R. Pollack},
  pages =        {299--305},
  series =       {Contemporary Mathematics},
  volume =       {453},
  publisher =    {AMS},
  year =         {2008}
}
