
@String{focs82 = {Proc. Symp. Found. Comput. Sci. (FOCS'82)}}
@String{cccg90 = {Proc. Canad. Conf. Comput. Geom. (CCCG~90)}}
@String{cccg98 = {Proc. Canad. Conf. Comput. Geom. (CCCG~98)}}
@String{jcdcg98 = {Proc. Japan. Conf. Discrete Comput. Geom. (JCDCG'98)}}
@String{dcg = {Discrete Comput. Geom.}}
@String{alg = {Algorithmica}}
@String{jcss = {J. Comput. System Sci.}}
@String{sicomp = {SIAM J. Comput.}}
@String{ijcga = {Int. J. Comput. Geom. and Appl.}}
@String{iac = {Inform. and Comput.}}
@String{dam = {Discrete Appl. Math.}}
@String{networks = {Networks}}
@String{dmj = {Duke Math. J.}}
@String{jsc = {J. Symbolic Comput.}}
@String{toceis =  {TIEICE: IEICE Trans.
                  Comm./Elec./Inf./Sys.}}
@String{masp = {C. R. Math. Acad. Sci. Paris}}
@String{ria = {Rev. Intelligence Artificielle}}
@String{jalg = {J. Algorithms}}

@Article{a89,
  author =	 {B. Aronov},
  title =	 {On the geodesic {Voronoi} diagram of point sites in
                  a simple polygon},
  journal =	 alg,
  year =	 1989,
  volume =	 4,
  pages =	 {109--140}
}

@Article{afw93,
  author =	 {B. Aronov and S. J. Fortune and G. Wilfong},
  title =	 {Furthest-Site Geodesic {Voronoi} Diagram},
  journal =	 dcg,
  year =	 1993,
  volume =	 9,
  pages =	 {217--255}
}

@InProceedings{anru98,
  author =	 {J. Akiyama and G. Nakamura and E. Rivera-Campo and
                  J. Urrutia},
  title =	 {Perfect divisions of a cake},
  booktitle =	 cccg98,
  pages =	 {114--115},
  year =	 1998
}

@InCollection{at87,
  author =	 {T. Asano, G. Toussaint},
  title =	 {Computing the Geodesic Center of a Simple Polygon},
  booktitle =	 {Discrete Algorithms and Complexity, Perspectives in
                  Computing},
  pages =	 {65--79},
  publisher =	 {Academic Press},
  year =	 1987
}

@InCollection{b88,
  author =	 {B. K. Bhathacharya},
  title =	 {Circular Separability of Planar Point Sets},
  booktitle =	 {Computational Morphology},
  publisher =	 {North Holland},
  year =	 1988,
  editor =	 {G. T. Toussaint},
  address =	 {Amsterdam}
}

@Article{bcduy00,
  author =	 {J.-D. Boissonnat and J. Czyzowicz and O. Devillers
                  and J. Urrutia and M. Yvinec},
  title =	 {Computing Largest Circles Separating Two Sets of
                  Segments},
  journal =	 ijcga,
  year =	 2000,
  volume =	 10,
  number =	 1,
  pages =	 {41--53}
}

@Article{bks00,
  author =	 {S. Bespamyatnikh and D. Kirkpatrick and J. Snoeyink},
  title =	 {Generalizing Ham Sandwich Cuts to Equitable
                  Subdivisions},
  journal =	 dcg,
  year =	 2000,
  volume =	 24,
  pages =	 {605--622}
}

@InProceedings{c82,
  author =	 {B. Chazelle},
  title =	 {A Theorem on Cutting Polygons with Applications},
  booktitle =	 focs82,
  year =	 1982,
  pages =	 {339--349}
}

@Book{cr78,
  author =	 {R. Courant and H. Robbins},
  title =	 {What is Mathematics?: An Elementary Approach to
                  Ideas and Methods},
  publisher =	 {Oxford University Press},
  year =	 1978,
  address =	 {Oxford, England}
}

@InProceedings{do90,
  author =	 {M. D{\'\i}az and J. O'Rourke},
  title =	 {Ham-Sandwich Sectioning of Polygons},
  booktitle =	 cccg90,
  pages =	 {282--286},
  year =	 1990
}

@Book{e87,
  author =	 {H. Edelsbrunner},
  title =	 {Algorithms in Combinatorial Geometry},
  publisher =	 {Springer-Verlag},
  year =	 1987,
  volume =	 10,
  series =	 {EATCS Monographs in Theoretical Computer Science}
}

@Article{ep88,
  author =	 {H. Edelsbrunner and F. P. Preparata},
  title =	 {Minimum Polygonal Separation},
  journal =	 iac,
  year =	 1988,
  volume =	 77,
  pages =	 {218--232}
}

@Article{ew86,
  author =	 {H. Edelsbrunner and R. Waupotitisch},
  title =	 {Computing a Ham Sandwich Cut in Two Dimensions},
  journal =	 jsc,
  year =	 1986,
  volume =	 2,
  pages =	 {171--178}
}

@PhdThesis{f00,
  author =	 {R. W. Freimer},
  title =	 {Investigations in Geometric Subdivisions: Linear
                  Shattering and Cartographic Map Coloring},
  school =	 {Cornell University},
  year =	 2000
}

@Article{fr75,
  author =	 {R. W. Floyd and R. L. Rivest},
  title =	 {Expected Time Bounds for Selection},
  journal =	 jacm,
  year =	 1975,
  volume =	 18,
  pages =	 {165--172}
}

@Book{hm75,
  author =	 {J. A. Hunter and J. S. Madachy},
  title =	 {Mathematical Diversions},
  publisher =	 {Dover},
  year =	 1975,
  address =	 {New York},
  pages =	 {67--69}
}

@Article{hnrs98,
  author =	 {F. Hurtado and M. Noy and P. A. Ramos and C. Seara},
  title =	 {Separating Objects in the Plane with Wedges and
                  Strips},
  journal =	 dam,
  year =	 2001,
  volume =	 109,
  pages =	 {109--138}
}

@InProceedings{iuy98a,
  author =	 {H. Ito and H. Uehara and M. Yokoyama},
  title =	 {2-Dimension Ham Sandwich Theorem for Partitioning
                  into Three Convex Pieces},
  booktitle =	 jcdcg98,
  pages =	 {129--157},
  year =	 1998,
  volume =	 1763,
  series =	 {Lecture Notes in Computer Science},
  publisher =	 {Springer-Verlag}
}

@Article{iuy98b,
  author =	 {H. Ito and H. Uehara and M. Yokoyama},
  title =	 {A Generalization of 2-Dimension Ham Sandwich
                  Theorem},
  journal =	 toceis,
  year =	 2001
}

@Article{k83,
  author =	 "D. Kirkpatrick",
  title =	 "Optimal Search in Planar Subdivisions",
  journal =	 sicomp,
  pages =	 "28--35",
  volume =	 "12",
  number =	 "1",
  month =	 feb,
  year =	 "1983",
}

@Article{l93,
  author =	 {P. Laroche},
  title =	 {Satisfiabilite de 1-parmi-3 planaire est NP-complet},
  journal =	 masp,
  year =	 1993,
  pages =	 {389-392}
}

@Article{lms94,
  author =	 {C.-Y. Lo and J. Matou{\v{s}}ek and W. L. Steiger},
  title =	 {Algorithms for ham-sandwich cuts},
  journal =	 dcg,
  year =	 1994,
  volume =	 11,
  pages =	 {433--452}
}

@Article{lp84,
  author =	 {D. T. Lee and F. P. Preparata},
  title =	 {Euclidean Shortest Paths in the Presence of
                  Rectilinear Barriers},
  journal =	 networks,
  year =	 1984,
  volume =	 14,
  number =	 3,
  pages =	 {393--410}
}

@InProceedings{ls90,
  author =	 {C.-Y. Lo and W. L. Steiger},
  title =	 {An Optimal Time Algorithm for Ham-Sandwich Cuts in
                  the Plane},
  booktitle =	 cccg90,
  pages =	 {5--9},
  year =	 1990
}

@Article{m83,
  author =	 {N. Megiddo},
  title =	 {Linear-time Algorithms for Linear Programming in
                  {$\mathbb{R}^3$} and Related Problems},
  journal =	 sicomp,
  year =	 1983,
  volume =	 12,
  number =	 4,
  pages =	 {759--776}
}

@Book{mr95,
  author =	 {R. Motwani and P. Raghavan},
  title =	 {Randomized Algorithms},
  publisher =	 {Cambridge University Press},
  year =	 1995
}

@InProceedings{os89,
  author =	 {J. O'Rourke and C. Schevon},
  title =	 {Computing the Geodesic Diameter of a 3-Polytope},
  booktitle =	 {Proceedings of the 5th Annual Symposium on
                  Computational Geometry (SoCG'89)},
  pages =	 {370--379},
  year =	 1989,
  publisher =	 {ACM Press}
}

@Article{ov81,
  author =	 {M. Overmars and J. van Leeuwen},
  title =	 {Maintenance of Configurations in the Plane},
  journal =	 jcss,
  year =	 1981,
  volume =	 23,
  pages =	 {166--204}
}

@inproceedings{pl95,
  author =	 "Evanthia Papadopoulou and D. T. Lee",
  title =	 "Efficient computation of the geodesic {Voronoi}
                  diagram of points in a simple polygon",
  booktitle =	 "Algorithms---ESA~'95, Third Annual European
                  Symposium",
  site =	 "Corfu, Greece",
  series =	 "Lecture Notes Comput. Sci.",
  volume =	 979,
  publisher =	 "Springer-Verlag",
  year =	 1995,
  pages =	 "238--251",
  issn =	 "3-540-60313-1",
  update =	 "99.11 bibrelex, 98.07 bibrelex, 98.03 mitchell"
}

@Article{pl98,
  author =	 {E. Papadopoulou and D. T. Lee},
  title =	 {A New Approach for the Geodesic Voronoi Diagram of
                  Points in a Simple Polygon and Other Restricted
                  Polygonal Domains },
  journal =	 alg,
  year =	 1998,
  volume =	 20,
  number =	 4,
  pages =	 {319--352}
}

@Article{psr89,
  author =	 {R. Pollack and M. Sharir and G. Rote},
  title =	 {Computing the geodesic center of a simple polygon},
  journal =	 dcg,
  year =	 1989,
  volume =	 4,
  pages =	 {611--626}
}

@PhdThesis{s02,
  author =	 {C. Seara},
  title =	 {On Geometric Separability},
  school =	 {Univ. Polit\`{e}cnica de Catalunya},
  year =	 2002,
  month =	 {June}
}

@TechReport{s86,
  author =	 {S. Suri},
  title =	 {Computing the Geodesic Diameter of a Simple Polygon},
  institution =	 {Department of Electrical Engineering and Computer
                  Science, Johns Hopkins University},
  year =	 1986,
  number =	 {JHUIEECS-86/08}
}

@Article{s89,
  author =	 {S. Suri},
  title =	 {Computing geodesic furthest neighbors in simple
                  polygons},
  journal =	 jcss,
  year =	 1989,
  volume =	 39,
  pages =	 {220-235}
}

@Article{st42,
  author =	 {A. H. Stone and J. W. Tukey},
  title =	 {Generalized `Sandwich' Theorems},
  journal =	 dmj,
  year =	 1942,
  volume =	 9,
  pages =	 {356--359}
}

@InProceedings{t86,
  author =	 {G. T. Toussaint},
  title =	 {An optimal algorithm for computing the relative
                  convex hull of a set of points in a polygon},
  booktitle =	 {Signal Processing III: Theories and Applications,
                  Proc. EURASIP-86, Part 2},
  pages =	 {853-856},
  year =	 1986,
  month =	 {September}
}

@article{t89,
  author =	 "G. T. Toussaint",
  title =	 "Computing Geodesic Properties inside a Simple
                  Polygon",
  journal =	 ria, 
  volume =	 3,
  number =	 2,
  year =	 1989,
  pages =	 "9--42",
  note =	 "also available as technical report SOCS 88.20,
                  School of Computer Science, McGill University",
  update =	 "98.11 bibrelex"
}

@Article{y91,
  author =	 {A. C. Yao},
  title =	 {Lower bounds for algebraic computation trees with
                  integer inputs},
  journal =	 sicomp,
  year =	 1991,
  volume =	 20,
  number =	 4,
  pages =	 {655--668}
}

@Article{m85,
  author = 	 {N. Megiddo},
  title = 	 {Partitioning with Two Lines in the Plane},
  journal = 	 jalg, 
  year = 	 1985,
  pages =	 {430--433}
}

@Article{c91,
  author =       "B. Chazelle",
  title =        "{Triangulating a Simple Polygon in Linear Time}",
  journal =      dcg,
  year =         "1991",
  volume =       "6",
  pages =        "485--524",
}
 

@Article{e85,
  author = 	 {H. Edelsbrunner},
  title = 	 {Computing the extreme distances between two convex polygons},
  journal = 	 jalg,
  year = 	 1985,
  volume =	 6,
  pages =	 {213--224}
}

@InProceedings{bl05
, author =       {P. Bose and S. Langerman}
, title =        {Weighted ham-sandwich cuts}
, booktitle =    {Proceedings of the Japan Conference on Discrete and  Computational Geometry (JCDCG 2004)}
, series =       {LNCS}
, volume =       3742
, pages =        {48--53}
, publisher =    {Springer-Verlag}
, year =         {2005}
, doi =          {http://dx.doi.org/10.1007/11589440_5}
} 
