@InCollection{v06,
  author = 	 {H. R. Varian},
  title = 	 {Revealed Preference},
  booktitle = 	 {{S}amuelsonian Economics in the 21st Century},
  pages = 	 {99--115},
  publisher = {Oxford University Press},
  editor = 	 {Michael Szenberg and Lall Ramrattan and Aaron A. Gottesman},
  chapter = 	 6,
  address = 	 {New York},
  year =         {2006}
}

@Article{bo79,
  author =       {J. L. Bentley and T. A. Ottman},
  title =        {Algorithms for reporting and counting geometric
                  intersections},
  journal =      {IEEE Transactions on Computing},
  year =         1979,
  volume =       {C-28},
  pages =        {643--647}
}

@inproceedings{bj02,
  author    = {G. S. Brodal and R. Jacob},
  title     = {Dynamic Planar Convex Hull},
  booktitle = {IEEE Symposium on Foundations of Computer Science (FOCS~2002)},
  year      = {2002},
  pages     = {617-626},
}

@Article{y91,
  author =       {A. C. Yao},
  title =        {Lower bounds for algebraic computation trees with
                  integer inputs},
  journal =      {SIAM Journal on Computing},
  year =         1991,
  volume =       20,
  number =       4,
  pages =        {655--668}
}
"On Approximating the Depth and Related Problems", with B. Aronov. SICOMP 38(3): 899-921 (2008). Also in SODA 05.

@Article{ah08,
  author = 	 {B. Aronov and  S. Har-Peled},
  title = 	 {On Approximating the Depth and Related Problems},
  journal = 	 {SIAM Journal on Computing},
  year = 	 2008,
  volume = 	 38,
  number = 	 3,
  pages = 	 {899--921}
}

@Article{b75,
  author =       {J. L. Bentley},
  title =        {Multidimensional Binary Search Trees Used for
Associative Searching},
  journal =      cacm,
  volume =       {18},
  year =         {1975},
  pages =        {509--517}
}
