@Book{gkp94,
  author =	 {R. L. Graham and D. E. Knuth and O. Patashnik},
  title =	 {Concrete Mathematics},
  publisher =	 {Addison-Wesley},
  year =	 1994,
  edition =	 {2nd}
}

@Book{mr95,
  author =	 {R. Motwani and P. Raghavan},
  title =	 {Randomized Algorithms},
  publisher =	 {Cambridge University Press},
  year =	 1995
}

@InProceedings{bm02,
  author =	 {A. Broder and M. Mitzenmacher},
  title =	 {Network Applications of {B}loom Filters: A Survey},
  booktitle =	 {Proceedings of the 40th Annual Allerton Conference
                  on Communication, Control and Computing},
  pages =	 {636--646},
  year =	 2002
}

@Article{m83,
  author =	 {J. K. Mullin},
  title =	 {A Second Look at {B}loom Filters},
  journal =	 {Communications of the ACM},
  year =	 1983,
  key =		 {570--571},
  volume =	 26,
  number =	 8
}

@Article{g82,
  author =	 {L. L. Gremillion},
  title =	 {Designing a {B}loom Filter for Differential Access},
  journal =	 {Communications of the ACM},
  year =	 1982,
  volume =	 25,
  number =	 7,
  pages =	 {600--604}
}

@Article{r82,
  author =	 {M. V. Ramakrishna},
  title =	 {Practical Performance of {B}loom Filters and
                  Parallel Free-Text Searching},
  journal =	 {Communications of the ACM},
  year =	 1982,
  volume =	 25,
  number =	 7,
  pages =	 {600--604}
}

@InProceedings{cfgmw78,
  author =	 {L. Carter and R. Floyd and J. Gill and G. Markowsky
                  and M. Wegman},
  title =	 {Exact and Approximate Membership Testers},
  booktitle =	 {Annual ACM Symposium on Theory of Computing},
  pages =	 {59--65},
  year =	 1978
}

@InProceedings{kmps94,
  author =	 {A. Kamath and R. Motwani and K. Palem and
                  P. Spirakis},
  title =	 {Tail Bounds for Occupancy and the Satisfiability
                  Threshold Conjecture},
  booktitle =	 {Proceedings of the 35th Annual IEEE Symposium on
                  Foundations of Computer Science},
  pages =	 {592--603},
  year =	 1994
}

@Misc{loaf,
  author =       {M. Ceglowski, J. Schachter},
  title =	 {Loaf},
  howpublished = {Online at \url{http://loaf.cantbedone.org/}}
}

@TechReport{g03,
  author =	 {E.-J. Goh},
  title =	 {Secure Indexes for Efficient Searching on Encrypted
                  Compressed Data},
  institution =	 {Cryptology ePrint Archive},
  year =	 2003,
  number =	 {2003/216},
  note =	 {\url{http://eprint.iacr.org/2003/216/}}
}

@Misc{bc04,
  author =	 {S. M. Bellovin and W. R. Cheswick},
  title =	 {Privacy-Enhanced Searches Using Encrypted {B}loom
                  Filters},
  howpublished = {Draft},
  note ={\url{http://www.research.att.com/~smb/papers/bloom-encrypt.ps}},
  year =	 2004
}

@Article{b70,
  author = 	 {B. H. Bloom},
  title = 	 {Space/Time Trade-offs in Hash Coding with Allowable Errors},
  journal = 	 {Communications of the ACM},
  year = 	 1970,
  volume =	 13,
  number =	 7,
  pages =	 {422--426}
}

