@inproceedings{Lit80,
  author    = {Witold Litwin},
  title     = {Linear Hashing: {A} New Tool for File and Table Addressing},
  booktitle = {Proceedings of the 6th International Conference on Very Large Data Bases},
  publisher = {IEEE Computer Society},
  year      = {1980},
  pages     = {212-223},
}

@Article{LL85,
  author = 	 {Errol L. Lloyd and Michael C. Loui},
  title = 	 {On the Worst Case Performance of Buddy Systems},
  journal = 	 {Acta Informatica},
  year = 	 1985,
  volume =	 22,
  number =	 4,
  pages =	 {451--473}
}

@Article{BDM05,
  author = 	 {Gerth Stølting Brodal and Erik D. Demaine and J. Ian Munro},
  title = 	 {Fast allocation and deallocation with an improved buddy system},
  journal = 	 {Acta Informatica},
  year = 	 2005,
  volume =	 41,
  number =	 {4--5},
  pages =	 {273--291}
}

@Article{as96,
  author =	 {C. R. Aragon and R. Seidel},
  title =	 {Randomized Search Trees},
  journal =	 {Algorithmica},
  year =	 1996,
  volume =	 16,
  number =	 {4},
  pages =	 {464-497}
}

@InProceedings{bmw03,
  author =	 {G. E. Blelloch and B. Maggs and M. Woo},
  title =	 {Space-Efficient Finger Search on Degree-Balanced
                  Search Trees},
  booktitle =	 {Proceedings of the 14th Annual ACM-SIAM Symposium on
                  Discrete Algorithms},
  pages = {374--383},
publisher = {SIAM},
  year =	 2003
}

@Article{bt80,
  author =	 {M. R. Brown and R. E. Tarjan},
  title =	 {The Design and Analysis of a Data Structure for
                  Representing Sorted Lists},
  journal =	 {SIAM Journal on Computing},
  year =	 1980,
  volume =	 9,
  number =	 3,
  pages =	 {594--614}
}

@TechReport{c95,
  author =	 {R. Cole},
  title =	 {On the Dynamic Finger Conjecture for Splay Trees
                  Part {II}: The Proof},
  institution =	 {Courant Institute, New York University},
  year =	 1995,
  number =	 {TR1995-701}
}

@InProceedings{gmpr77,
  author =	 {L. J. Guibas and E. M. McCreight and M. F. Plass and
                  J. R. Roberts},
  title =	 {A New Representation for Linear Lists},
  booktitle =	 {Proceedings of the 9th Annual ACM Symposium on the
                  Theory of Computing},
  pages =	 {49--60},
publisher = {ACM},
  year =	 1977
}

@InProceedings{gr93,
  author =	 {Igal Galperin and Ronald L. Rivest},
  title =	 {Scapegoat Trees},
  booktitle =	 {Proceedings of the 4th Annual ACM-SIAM Symposium on
                  Discrete Algorithms},
  pages =	 {165--174},
publisher = {SIAM},
  year =	 1993,
}

@Article{hm82,
  author =	 {Scott Huddleston and Kurt Mehlhorn},
  title =	 {A New Data Structure for Representing Sorted Lists},
  journal =	 {Acta Informatica},
  year =	 1982,
  volume =	 17,
number = 2,
  pages =	 {157--184}
}

@InProceedings{i01,
  author =	 "John Iacono",
  title =	 "Alternatives to Splay Trees with ${O}(\log n)$ Worst-case Access Times",
  pages =	 "516--522",
  booktitle =	 "Proceedings of the 12th Annual {ACM}-{SIAM}
                  Symposium on Discrete Algorithms",
  year =	 "2001",
publisher = {SIAM}
}

@article{il02,
  author =	 {John Iacono and Stefan Langerman},
  title =	 {Queaps},
journal = {Algorithmica},
volume = 42,
number = 1,
pages = {49--56},
  year =	 2005,
}

@Article{st85a,
  author =	 {D. D. Sleator and R. E. Tarjan},
  title =	 {Self-Adjusting Binary Search Trees},
  journal =	 {Journal of the ACM},
  year =	 1985,
  volume =	 32,
  number =	 2,
  pages =	 {652--686}
}

@Article{st85b,
  author =	 "Daniel D. Sleator and Robert E. Tarjan",
  title =	 {Amortized Efficiency of List Update and Paging
                  Rules},
  journal =	 "Communications of the ACM",
  volume =	 "28",
number = 2,
  pages =	 "202--208",
  year =	 "1985",
}

@Article{p90,
  author =       "W. Pugh",
  title =        "Skip Lists: {A} Probabilistic Alternative to Balanced
                 Trees",
  journal =      "Communications of the ACM",
  volume =       "33",
  number =       "6",
  pages =        "668--676",
  year =         "1990",
}

@article{Wil64,
   author =  {J. W. J. Williams},
   title =   {Algorithm 232: {H}EAPSORT},
   journal =      "Communications of the ACM",
   year =    1964,
   volume =  7,
number = 6,
   pages =   {347--348}
}

@InProceedings{FG03,
  author = 	 {Gianni Franceschini and Roberto Grossi},
  title = 	 {Optimal worst-case operations for implicit cache-oblivious search trees},
  booktitle = 	 {Proceedings of the 8th International Workshop on Algorithms and Data Structures},
  pages =	 {114--126},
  year =	 2003,
  volume =	 2748,
  series =	 {Lecture Notes in Computer Science},
  publisher = {Springer-Verlag},
}

@InProceedings{KM01,
  author = 	 {Jyrki Katajainen and Bjarke Buur Mortensen},
  title = {Experiences with the design and implementation of space-efficient deques},
  booktitle = 	 {Proceedings of the 5th Workshop on Algorithm Engineering},
  pages =	 {39--50},
  year =	 2001,
  volume =	 2141,
  series =	 {Lecture Notes in Computer Science},
  publisher =	 {Springer-Verlag},
}

@book{ISO,
  key =		 {British Standards Institute},
  organization =       {British Standards Institute},
  title =	 {\textit{The C\texttt{++} Standard: Incorporating Technical 
                  Corrigendum~1}, BS ISO/IEC 14882:2003},
  publisher =    {John Wiley and Sons, Ltd.},
  year =	 2003,
}

@Article{LO88,
  author = 	 {Christos Levcopoulos and Mark H. Overmars},
  title = 	 {A balanced search tree with ${O}(1)$ worst-case update time},
  journal = 	 {Acta Informatica},
  year = 	 1988,
  volume =	 26,
  number =	 3,
  pages =	 {269--277}
}

@article{Fle96,
  author    = {Rudolf Fleischer},
  title     = {A Simple Balanced Search Tree with ${O}(1)$ Worst-Case Update
               Time},
  journal   = {International Journal of Foundations of Computer Science},
  volume    = {7},
  number    = {2},
  year      = {1996},
  pages     = {137--150},
}

@Article{And99,
  author = 	 {Arne Andersson},
  title = 	 {General balanced trees},
  journal = 	 {Journal of Algorithms},
  year = 	 1999,
  volume =	 30,
  number =	 1,
  pages =	 {1--28}
}

@TechReport{BK06,
  author = 	 {Hervé Br\"{o}nnimann and Jyrki Katajainen},
  title = 	 {Efficiency of various forms of red-black trees},
  institution =  {Department of Computing, University of Copenhagen},
  year = 	 2006,
  type =	 {CPH STL Report},
  number =	 {2006-2}
}

@Book{Tar83,
  author =	 {Robert Endre Tarjan},
  title = 	 {Data Structures and Network Algorithms},
  publisher = 	 {SIAM},
  year = 	 1983,
}

@Article{DW93,
  author = 	 {Yuzheng Ding and Mark Allen Weiss},
  title = 	 {The relaxed min-max heap: {A} mergeable double-ended priority queue},
  journal = 	 {Acta Informatica},
  year = 	 1993,
  volume =	 20,
  number =	 2,
  pages =	 {215--231}
}

@TechReport{EJK05,
  author = 	 {Amr Elmasry and Claus Jensen and Jyrki Katajainen},
  title = 	 {Relaxed weak queues: {A}n alternative to run-relaxed heaps},
  institution =  {Department of Computing, University of Copenhagen},
  year = 	 2005,
  type =	 {CPH STL Report},
  number =	 {2005-2}
}

@Article{DGST88,
  author = 	 {J. R. Driscoll and H. N. Gabow and R. Shrairman and R. E. Tarjan},
  title = 	 {Relaxed heaps: {A}n alternative to {F}ibonacci heaps with applications
to parallel computation},
  journal = 	 {Communications of the ACM},
  year = 	 1988,
  volume =	 31,
  number =	 11,
  pages =	 {1343--1354}
}

@InProceedings{KST02,
  author = 	 {H. Kaplan and N. Shafrir and and R. E. Tarjan},
  title = 	 {Meldable heaps and {B}oolean union-find},
  booktitle = 	 {Proceedings of the 34th Annual ACM Symposium on
Theory of Computing},
  pages =	 {573--582},
  year =	 2002,
  publisher =	 {ACM}
}

@InProceedings{MP05,
  author = 	 {C. W. Mortensen and S. Pettie},
  title = 	 {The complexity of implicit and space-efficient priority queues},
  booktitle = 	 {Proceedings of the 9th Workshop on Algorithms and Data Structures},
  pages =	 {49--60},
  year =	 2005,
  volume =	 3608,
  series =	 {Lecture Notes in Computer Science},
  publisher =	 {Springer-Verlag}
}

@Book{CLRS01,
  author = {T. H. Cormen and C. E. Leiserson and R. L. Rivest and C. Stein},
  title = 	 {Introduction to Algorithms},
  publisher = 	 {The MIT Press},
  year = 	 2001,
  edition =	 {2nd}
}

@Article{Bro79,
  author = 	 {Mark R. Brown},
  title = 	{Addendum to ``{A} storage scheme for height-balanced trees''},
  journal = 	 {Information Processing Letters},
  year = 	 1979,
  volume =	 8,
  number =	 3,
  pages =	 {154--156}
}

@InProceedings{BCDMS99,
  AUTHOR        = {Andrej Brodnik and Svante Carlsson and Erik D. Demaine and
                   J. Ian Munro and Robert Sedgewick},
  TITLE         = "Resizable Arrays in Optimal Time and Space",
  booktitle =    {Proceedings of the 6th International Workshop on Algorithms and Data
  Structures},
  pages =        {37--48},
  year =         {1999},
  volume =       1663,
  series =       {Lecture Notes in Computer Science},
  publisher =    {Springer-Verlag},
}

@article{Mun86,
   author =  {J. Ian Munro},
   title =   {An implicit data structure supporting insertion, deletion, and 
              search in ${O}(\log^2 n)$ time},
   journal = {Journal of Computer and System Sciences},
   year =    1986,
   volume =  33,
number = 1,
   pages =   {66--74}
}

@Book{GT98,
  author =	 {Michael T. Goodrich and Roberto Tamassia},
  title = 	 {Data Structures and Algorithms in Java},
  publisher = 	 {John Wiley \& Sons, Inc.},
  year = 	 1998
}

@Unpublished{EJK04-not-used,
  author = 	 {Amr Elmasry and Claus Jensen and Jyrki Katajainen},
  title = 	 {Multipartite priority queues},
  note = 	 {Submitted for publication},
  year =	 2004
}

@TechReport{EJK04,
  author = 	 {Amr Elmasry and Claus Jensen and Jyrki Katajainen},
  title = 	 {A framework for speeding
up priority-queue operations},
  institution =  {Department of Computing, University of Copenhagen},
  year = 	 2004,
  type =	 {CPH STL Report},
  number =	 {2004-3},
  note =	 {Available at \url{http://cphstl.dk}}
}

@InProceedings{EJK06,
  author = 	 {Amr Elmasry and Claus Jensen and Jyrki Katajainen},
  title = 	 {Two-tier relaxed heaps},
  booktitle = 	 {Proceedings of the 17th International Symposium on Algorithms and Computation},
  pages =	 {to appear},
  year =	 2006,
  series =	 {Lecture Notes in Computer Science},
  publisher =	 {Springer-Verlag}
}

@Unpublished{EJK07,
  author = 	 {Amr Elmasry and Claus Jensen and Jyrki Katajainen},
  title = 	 {Two new methods for transforming priority queues into double-ended priority queues},
  note = 	 {Unpublished typescript},
  year =	 2006
}

@article{BLMTT03,
  author = "Gerth St{\o}lting Brodal and George Lagogiannis and Christos Makris and Athanasios Tsakalidis and Kostas Tsichlas",
  journal = "Journal of Computer and System Sciences",
  number = "2",
  pages = "381--418",
  title = "Optimal Finger Search Trees in the Pointer Machine",
  volume = "67",
  year = "2003"
}

@inproceedings{CMP88,
   author =    {Svante Carlsson and J. Ian Munro and Patricio V. Poblete},
   title =     {An implicit binomial queue with constant insertion time},
   booktitle = {Proceedings of the 1st Scandinavian Workshop on Algorithm Theory},
   volume =    318,
   series =    {Lecture Notes in Computer Science},
   year =      1988,
   publisher = {Springer-Verlag},
   pages =     {1--13}
}

@Article{Fre83,
  author = 	 {Greg N. Frederickson},
  title = 	 {Implicit data structures for the dictionary problem},
  journal = 	 {Journal of the ACM},
  year = 	 1983,
  volume =	 30,
  number =	 1,
  pages =	 {80--94}
}
