
@String{dcg = {Discrete \& Computational Geometry}}

@String{cad = {Computer-Aided Design}}

@string{cccg89="Proceedings of the 1st Canadian Conference on Computational Geometry"}
@string{cccg96="Proceedings of the 8th Canadian Conference on Computational Geometry"}

@string{ecg97="Proceedings of the 13th European Workshop on Computational Geometry"}

@string{socg97="Proceedings of the 13th ACM Symposium on Computational Geometry (SoCG'97)"}
@string{socg98="Proceedings of the 15th ACM Symposium on Computational Geometry (SoCG'98)"}
@string{socg99="Proceedings of the 16th ACM Symposium on Computational Geometry (SoCG~99)"}
@string{socg00="Proceedings of the 17th ACM Symposium on Computational Geometry (SoCG~2000)"}

@string{soda97="Proceedings of the 8th ACM-SIAM Symposium on Data Structures and
Algorithms (SODA'97)"}
@string{soda99="Proceedings of the 10th ACM-SIAM Symposium on Data Structures and
Algorithms (SODA'99)"}

@string{pami="IEEE Transactions on Pattern Analysis and Machine
Intelligence"}

@string{wads93="Proceedings of the 3rd Workshop on Data Structures and
Algorithms (WADS'93)"}

@string{wads97="Proceedings of the 5th Workshop on Data Structures and
Algorithms (WADS'97)"}

@string{war96="Proceedings of the Workshop on Algorithmic Robotics"}

@Article{aas01,
  author =	 "P. K. Agarwal and B. Aronov and M. Sharir",
  title =	 "Exact and Approximation Algorithms for Minimum-Width
                  Cylindrical Shells",
  journal =	 dcg,
  volume =	 "26",
  year =	 "2001",
}

@inproceedings{aas97,
  author =	 "P. K. Agarwal and B. Aronov and M. Sharir",
  title =	 "Line Transversals of Balls and Smallest Enclosing
                  Cylinder in Three dimensions",
  booktitle =	 soda97,
  pages =	 "483--492",
  year =	 1997
}

@article{aas99,
  author =	 "P. K. Agarwal and B. Aronov and M. Sharir",
  title =	 "Line Transversals of Balls and Smallest Enclosing
                  Cylinder in Three dimensions",
  journal =	 dcg,
  volume =	 21,
  pages =	 {373--388},
  year =	 1999
}

@InProceedings{aass99,
  author =	 "P. K. Agarwal and B. Aronov and S. Har-Peled and
                  M. Sharir",
  title =	 "Approximation and Exact Algorithms for Minimum-Width
                  Annuli and Shells",
  pages =	 "380--389",
  booktitle =	 socg99,
  year =	 "1999",
}

@inproceedings{bbbrw97,
  author =	 "M. de Berg and P. Bose and D. Bremner and Suneeta
                  Ramaswami and Gordon Wilfong",
  title =	 "Computing constrained minimum-width annuli of point
                  sets",
  booktitle =	 wads97,
  pages =	 "25--36",
  year =	 1997
}

@article{bbbrw98,
  author =	 "Berg, M. de and P. Bose and D. Bremner and
                  S. Ramaswami and G. Wilfong",
  title =	 "Computing constrained minimum-width annuli of point
                  sets",
  journal =	 cad,
  volume =	 30,
  pages =	 "267--275",
  year =	 1998
}

@InProceedings{c00,
  author =	 "T. M. Chan",
  title =	 "Approximating the Diameter, Width, Smallest
                  Enclosing Cylinder, and Minimum-Width Annulus",
  pages =	 "300--309",
  booktitle =	 socg00,
  year =	 "2000",
}

@Book{clr90,
  author =	 {T. H. Cormen and C. E. Leiserson and R. L. Rivest},
  title =	 {Introduction to Algorithms},
  publisher =	 {MIT Press},
  year =	 1990,
  address =	 {Cambridge}
}

@article{cy87,
  author =	 "R. Cole and C. K. Yap",
  title =	 "Shape from probing",
  journal =	 "Journal of Algorithms",
  volume =	 8,
  pages =	 "19--38",
  year =	 1987
}

@inproceedings{dgr97,
  author =	 "C. A. Duncan and M. T. Goodrich and E. A. Ramos",
  title =	 "Efficient approximation and optimization algorithms
                  for computational metrology",
  booktitle =	 soda97,
  pages =	 "121--130",
  year =	 1997
}

@article{efnn92,
  author =	 "H. Ebara and N. Fukuyama and H. Nakano and
                  Y. Nakanishi",
  title =	 "A practical algorithm for computing the roundness",
  journal =	 {IEICE Transactions on Information and Systems},
  volume =	 {E75},
  pages =	 {253--257},
  year =	 1992
}

@techreport{f92,
  author =	 "A. B. Forbes",
  title =	 "Geometric Tolerancing Assessment",
  institution =	 "National Physics Laboratory",
  number =	 "DITC 210/92",
  month =	 "October",
  year =	 1992
}

@techreport{fh91,
  author =	 "S. C. Feng and T. H. Hopp",
  title =	 "A review of current geometric tolerancing theories
                  and inspection data analysis algorithms",
  institution =	 "National Institute of Standards and Technology,
                  U.S. Department of Commerce, Factory Automation
                  Systems Division",
  number =	 "NISTIR-4509",
  month =	 "February",
  year =	 1991
}

@inproceedings{gr97,
  author =	 "J. Garcia and P. A. Ramos",
  title =	 "Fitting a set of points by a circle",
  booktitle =	 socg97,
  year =	 1997
}

@article{gr98,
  author =	 "J. Garcia and P. A. Ramos",
  title =	 "Fitting a set of points by a circle",
  journal =	 dcg,
  volume =	 {20},
  pages =	 {389--402},
  year =	 1998
}

@InProceedings{ks99,
  author =	 "R. Kumar and D. Sivakumar",
  title =	 "Roundness Estimation via Random Sampling",
  pages =	 "603--612",
  booktitle =	 soda99,
  year =	 "1999",
}

@article{ll91,
  author =	 "V. B. Le and D. T. Lee",
  title =	 "Out-of-roundness problem revisited",
  journal =	 pami,
  volume =	 13,
  number =	 3,
  pages =	 "217--223",
  year =	 1991
}

@inproceedings{msy97,
  author =	 "K. Mehlhorn and T. C. Shermer and C. K. Yap",
  title =	 "A complete roundness classification procedure",
  booktitle =	 socg97,
  pages =	 "129--138",
  year =	 1997
}

@techreport{pbc93,
  author =	 "S. D. Phillips and B. Borchardt and G. Caskey",
  title =	 "Measurement Uncertainty considerations for
                  coordinate measuring machines",
  institution =	 "National Institute of Standards and Technology,
                  Precision Engineering Division",
  number =	 "NISTIR-5170",
  month =	 "April",
  year =	 1993
}

@inproceedings{r97,
  author =	 "P. Ramos",
  title =	 "Computing Roundness in Practice",
  booktitle =	 ecg97,
  pages =	 "125--126",
  year =	 1997
}

@InProceedings{r99,
  author =	 "P. A. Ramos",
  title =	 "Computing Roundness is Easy if the Set is Almost
                  Round",
  pages =	 "307--315",
  ISBN =	 "1-58113-068-6",
  booktitle =	 socg99,
  year =	 "1999",
}

@article{rlw91,
  author =	 "U. Roy and C. R. Liu and T. C. Woo",
  title =	 "Review of dimensioning and tolerancing:
                  representation and processing",
  journal =	 cad,
  volume =	 23,
  number =	 7,
  pages =	 "466--483",
  year =	 1991
}

@article{rz92,
  author =	 "U. Roy and X. Zhang",
  title =	 "Establishment of a pair of concentric circles with
                  the minimum radial separation for assessing rounding
                  error",
  journal =	 cad,
  volume =	 24,
  number =	 3,
  pages =	 "161--168",
  year =	 1992
}

@inproceedings{s93,
  author =	 "K. Swanson",
  title =	 "An optimal algorithm for roundness determination on
                  convex polygons",
  booktitle =	 wads93,
  pages =	 "601--609",
  year =	 1993
}

@techreport{sj94,
  author =	 "M. Smid and R. Janardan",
  title =	 "On the width and roundness of a set of points in the
                  plane",
  institution =	 "University of Minnesota, Department of Computer
                  Science",
  number =	 "TR94-62",
  year =	 1994
}

@article{ssty00,
  author =	 "E. Schomer and J. Sellen and M. Teichmann and
                  C. K. Yap",
  title =	 "Efficient algorithms for the smallest enclosing
                  cylinder",
  journal =	 algorithmica,
  volume =	 {27},
  pages =	 "170--186",
  year =	 2000
}

@inproceedings{ssty96,
  author =	 "E. Schomer and J. Sellen and M. Teichmann and
                  C. K. Yap",
  title =	 "Efficient algorithms for the smallest enclosing
                  cylinder",
  booktitle =	 cccg96,
  pages =	 "264--269",
  year =	 1996
}

@book{sv93,
  editor =	 "V. Srinivasan and H. B. Voelcker",
  title =	 "Dimensional Tolerancing and Metrology",
  city =	 "New York",
  publisher =	 "The American Society of Mechanical Engineers",
  year =	 1993
}

@Unpublished{sy95,
  author =	 {T. Shermer and C. K. Yap},
  title =	 {Probing for Near-Centers and Estimating Relative
                  Roundness},
  note =	 {Presented at {\em 1995 ASME Workshop on Tolerancing
                  and Metrology}},
  year =	 1995
}

@incollection{y94,
  author =	 "C. K. Yap",
  title =	 "Exact computational geometry and tolerancing
                  metrology",
  booktitle =	 "Snapshots of Computational and Discrete Geometry,
                  Vol. 3",
  editor =	 "David Avis and Jit Bose",
  publisher =	 {Springer-Verlag},
  year =	 1994
}

@inproceedings{yc96,
  author =	 "C. K. Yap and E.-C. Chang",
  title =	 "Issues in the Metrology of Geometric Tolerancing",
  booktitle =	 war96,
  year =	 1996
}

