@InProceedings{m91,
  author = {Ji{\v{r}}{\'{\i}} Matou{\v{s}}ek},
  title = {Efficient partition trees},
  booktitle = {Proceedings of the 7th Annual Symposium on Computational Geometry ({SoCG} '91)},
  pages = {1--9},
  year = {1991},
  url = {http://cg.scs.carleton.ca/lib/upload/prml_1068_1.pdf}
}


