@book{order,
  title={{A first course in order statistics}},
  author={Arnold, B. C. and Balakrishnan, N. and Nagaraja, H. N.},
  year={1992},
  publisher={John Wiley \& Sons}
}

@book{ross,
  title={{Probability models for computer science}},
  author={Ross, S. M.},
  year={2002},
  publisher={Harcourt Academic Press San Diego}
}

@article{penrose1997,
  title={{The longest edge of the random minimal spanning tree}},
  author={Penrose, M. D.},
  journal={Annals of Applied Probability},
  volume={7},
  pages={340--361},
  year={1997},
  publisher={THE INSTITUTE OF MATHEMATICAL STATISTICS}
}

@article{darling1953,
  title={{On a class of problems related to the random division of an interval}},
  author={Darling, D. A.},
  journal={Ann. Math. Statist},
  volume={24},
  pages={239--253},
  year={1953}
}

@article{abay1995,
  title={{Extremes of Interarrival Times of a Poisson Process under Conditioning}},
  author={Abay, A.},
  journal={Applicationes Mathematicae},
  volume={23},
  number={1},
  pages={73--82},
  year={1995}
}


@article{chavez2006,
  title={{Half-Space Proximal: A New Local Test for Extracting a 
           Bounded Dilation Spanner of a Unit Disk Graph}},
  author={Chavez, E. and Dobrev, S. and Kranakis, E. and Opatrny, J. 
           and Stacho, L. and Tejeda, H. and Urrutia, J.},
  journal={LNCS},
  volume={3974},
  pages={235},
  year={2006},
  publisher={Springer}
}

@article{yao1982,
  title={{On Constructing Minimum Spanning Trees in k-Dimensional Spaces and Related Problems}},
  author={Yao, A. C. C.},
  journal={SIAM J. Comput.},
  volume={11},
  number={4},
  pages={721--736},
  year={1982}
}

@article{jain2005,
  title={{Impact of Interference on Multi-Hop Wireless Network Performance}},
  author={Jain, K. and Padhye, J. and Padmanabhan, V.N. and Qiu, L.},
  journal={Wireless Networks},
  volume={11},
  number={4},
  pages={471--487},
  year={2005},
  publisher={Springer}
}

@article{gupta2000,
  title={{The capacity of wireless networks}},
  author={Gupta, P. and Kumar, P. R.},
  journal={Information Theory, IEEE Transactions on},
  volume={46},
  number={2},
  pages={388--404},
  year={2000}
}

@article{bilo2008,
  title ={On the Complexity of Minimizing Interference in Ad Hoc and Sensor Networks},
  author = {Bilo, D. and Proletti, G.},
  journal = {Theoretical Computer Science},
  Volume = 402, 
  Issue = 1, 
  Vplume = 28,
  month = {July},
  year = 2008, 
  pages = {43 -- 55},
  publisher={Elsevier}
}

@misc{buchin2008,
  title = {Minimizing the Maximum Interference is Hard},
  author = {Buchin, K.},
  note ={arXiv:0802.2134},
  year = {February, 2008}
}

@article{halldorsson2008,
  title={{Minimizing interference of a wireless ad-hoc network in a plane}},
  author={Halld{\'o}rsson, M.M. and Tokuyama, T.},
  journal={Theoretical Computer Science},
  volume={402},
  number={1},
  pages={29--42},
  year={2008},
  publisher={Elsevier}
}

@conference{vonrickenbach2005,
  title={{A Robust Interference Model for Wireless Ad-Hoc Networks}},
  author={von Rickenbach, P. and Schmid, S. and Wattenhofer, R. and Zollinger, A.},
  booktitle={Proc. 5th IEEE International Workshop on Algorithms for Wireless, Mobile, Ad-Hoc and Sensor Networks (WMAN)},
  year={2005}
}

@article{locher2008,
  title={{Sensor Networks Continue to Puzzle: Selected Open Problems}},
  author={Locher, T. and von Rickenbach, P. and Wattenhofer, R.},
  journal={LNCS},
  volume={4904},
  pages={25},
  year={2008},
  publisher={Springer}
}

@conference{moscibroda2005,
  title={{Minimizing interference in ad hoc and sensor networks}},
  author={Moscibroda, T. and Wattenhofer, R.},
  booktitle={Proceedings of the 2005 joint workshop on Foundations of mobile computing},
  pages={24--33},
  year={2005},
  organization={ACM New York, NY, USA}
}
@conference{burkhart2004,
  title={{Does topology control reduce interference?}},
  author={Burkhart, M. and Wattenhofer, R. and Zollinger, A.},
  booktitle={Proceedings of the 5th ACM international symposium on Mobile ad hoc networking and computing},
  pages={9--19},
  year={2004},
  organization={ACM New York, NY, USA}
}

@book{spencer1994,
  title={{Ten Lectures on the Probabilistic Method}},
  author={Spencer, J. H.},
  year={1994},
  publisher={Society for Industrial Mathematics}
}

@article{pyke1965,
    jstor_articletype = {primary_article},
    title = {Spacings},
    author = {Pyke, R.},
    journal = {Journal of the Royal Statistical Society. Series B
(Methodological)},
    jstor_issuetitle = {},
    volume = {27},
    number = {3},
    jstor_formatteddate = {1965},
    pages = {395--449},
    url = {http://www.jstor.org/stable/2345793},
    ISSN = {00359246},
    abstract = {The distribution theory and possible constructions
for spacings (differences) between successive order statistics of a
sample of independent and identically distributed random variables are
reviewed. The problem of finding the limiting distribution of a
function of spacings is discussed and some general limit theorems for
such are presented.},
    publisher = {Blackwell Publishing for the Royal Statistical Society},
    language = {},
    copyright = {Copyright (c) 1965 Royal Statistical Society},
    year = {1965},
    }

@Book{d86,
  title     = {Non-Uniform Random Variate Generation},
  author    = {L. Devroye},
  publisher = {Springer-Verlag},
  address   = {New-York},
  year      = {1986}
}

@conference{sirocco2010,
  title={{Maximum Interference of Random Sensors on a Line}},
  author={Kranakis, E. and Krizanc, D. and Narayanan, L. and Stacho, L.},
  booktitle={Proceedings of 17th Coloquium on 
             Structural Information and Communication Complexity (SIROCCO 2010)},
  pages={197--210},
  year={2010},
  volume = 6058,
  publisher={LNCS, Springer}
}

