@Article{alpern95,
  author = 	 {S. Alpern},
  title = 	 {The Rendezvous Search Problem},
  journal = 	 {SIAM Journal of Control and Optimization},
  year = 	 1995,
  volume =	 33,
  pages =	 {673--683}
}

@Book{alpernGal03,
  author =	 {S. Alpern and S. Gal},
  title = 	 {The Theory of Search Games and Rendezvous},
  publisher = 	 {Kluwer Academic Publishers},
  year = 	 2003,
  address =	 {Norwell, Massachusetts}
}

@Article{coppersmith,
  author = 	 {D. Coppersmith and P. Tetali and P. Winkler},
  title = 	 {Collisions among random walks on a graph},
  journal = 	 {SIAM Journal of Discrete Mathematics},
  year = 	 1993,
  volume =	 6,
  pages =	 {363--374}
}

@InProceedings{Marco,
  author = 	 {G. De Marco and L Gargano and E. Kranakis and D. Krizanc and A. Pelc and U. Vacaro},
  title = 	 {Asynchronous deterministic rendezvous in graphs},
  booktitle =	 {Proc. 30th MFCS},
  pages =	 {271--282},
  year =	 2005
}

@InProceedings{dessmark,
  author = 	 {A. Dessmark and P. Fraigniaud and A. Pelc},
  title = 	 {Deterministic Rendezvous in Graphs},
  booktitle =	 {Proc. 11th ESA},
  pages =	 {184-195},
  year =	 2003
}

@InProceedings{dobrev,
  author = 	 {S. Dobrev and P. Flocchini and G. Prencipe and N. Santoro},
  title = 	 {Multiple Agents Rendezvous in a Ring in spite of a Black Hole},
  booktitle =	 {Proc. Symposium on Principles of Distributed Systems (OPODIS '03)},
  pages =	 {34--46},
  year =	 2004,
  volume =	 3144,
  series =	 {LNCS}
}

@InProceedings{fkkss,
  author = 	 {P. Flocchini and E. Kranakis and D. Krizanc and N. Santoro and C. Sawchuk},
  title = 	 {Multiple Mobile Agent Rendezvous in the Ring},
  booktitle =	 {Proc. LATIN 2004},
  pages =	 {599--608},
  year =	 2004,
  volume =	 2976,
  series =	 {LNCS}
}

@InProceedings{fkklss,
  author = 	 {P. Flocchini and E. Kranakis and D. Krizanc and F. Luccio and N. Santoro and C. Sawchuk},
  title = 	 {Mobile Agent Rendezvous When Tokens Fail},
  booktitle =	 {Proc. of 11th Sirocco},
  pages =	 {161--172},
  year =	 2004
}

@InProceedings{gakra,
  author = 	 {L. Gasieniec and E. Kranakis and D. Krizanc and X. Zhang},
  title = 	 {Optimal Memory Rendezvous of Anonymous Mobile Agents in a 
Uni-directional Ring},
  booktitle =	 {Proc. of 32nd SOFSEM},
  pages =	 {282--292},
  year =	 2006
}

@InProceedings{kowalski1,
  author = 	 {D. Kowalski and A. Pelc},
  title = 	 {Polynomial deterministic rendezvous in arbitrary graphs},
  booktitle =	 {Proc. 15th ISAAC},
  year =	 2004
}

@InProceedings{kowalski2,
  author = 	 {D. Kowalski and A. Malinowski},
  title = 	 {How to meet in an anonymous network},
  booktitle =	 {Proc. 13th Sirocco},
  year =	 2006
}

@InProceedings{kk,
  author = 	 {E. Kranakis and D. Krizanc},
  title = 	 {An Algorithmic Theory of Mobile Agents},
  booktitle =	 {Symposium on Trustworthy Global Computing},
  year =	 2006
}

@InProceedings{kkr,
  author = 	 {E. Kranakis and D. Krizanc and S. Rajasbaum},
  title = 	 {Mobile Agent Rendezvous: A Survey},
  booktitle =	 {Proc. 13th Sirocco},
  pages =	 {1--9},
  year =	 2006
}

@InProceedings{kkss,
  author = 	 {E. Kranakis and D. Krizanc and N. Santoro and C. Sawchuk},
  title = 	 {Mobile Agent Rendezvous Search Problem in the Ring},
  booktitle =	 {Proc. International Conference on Distributed Computing Systems (ICDCS)},
  pages =	 {592-599},
  year =	 2003
}

@InProceedings{markou,
  author = 	 {E. Kranakis and D. Krizanc and E. Markou},
  title = 	 {Mobile Agent Rendezvous in a Synchronous Torus},
  booktitle =	 {Proc. of LATIN 2006},
  pages =	 {653--664},
  year =	 2006
}

@Article{RoyDudek,
  author = 	 {N. Roy and G. Dudek},
  title = 	 {Collaborative robot exploration and rendezvous: Algorithms, performance
bounds and observations},
  journal = 	 {Autonomous Robots},
  year = 	 2001,
  volume =	 11,
  pages =	 {117--136}
}

@Book{santoro,
  author =	 {N. Santoro},
  title = 	 {Design and Analysis of Distributed Algorithms},
  publisher = 	 {Wiley},
  year = 	 2006,
  address =	 {Hoboken, NJ}
}

@PhdThesis{sawchuk04,
  author = 	 {C. Sawchuk},
  title = 	 {Mobile Agent Rendezvous in the Ring},
  school = 	 {Carleton University, School of Computer Science},
  year = 	 2004,
  address =	 {Ottawa, Canada}
}

@Article{Yamashita,
  author = 	 {I. Suzuki and M. Yamashita},
  title = 	 {Distributed anonymous mobile robots: Formation of geometric patterns},
  journal = 	 {SIAM Journal of Computing},
  year = 	 1999,
  volume =	 28,
  pages =	 {1347--1363}
}

@InProceedings{yu,
  author = 	 {X. Yu and M. Yung},
  title = 	 {Agent Rendezvous: A Dynamic Symmetry-Breaking Problem},
  booktitle =	 {Proceedings of ICALP96},
  pages =	 {610--621},
  year =	 1996,
  volume =	 1099,
  series =	 {LNCS}
}

@Book{mu05,
  author =	 {M. Mitzenmacher and E. Upfal},
  title = 	 {Probability and Computing: Randomized Algorithms and Probabilistic Analysis},
  publisher = 	 {Cambridge University Press},
  year = 	 2005
}

@Book{ross,
  author =	 {S. M. Ross},
  title = 	 {Probability Models for Computer Science},
  publisher = 	 {Harcourt Academic Press},
  year = 	 2002
}

