@Article{a79,
  author =	 "A. M. Andrew",
  title =	 "Another efficient algorithm for convex hulls in two
                  dimensions",
  journal =	 "Information Processing Letters",
  volume =	 "9",
  number =	 "5",
  pages =	 "216--219",
  day =		 "16",
  year =	 "1979",
}

@Book{b23,
  author =	 {W. Blaschke},
  title =	 {Vorlesungen \"uber {D}ifferentialgeometrie. II,
                  {A}ffine {D}ifferentialgeometrie},
  publisher =	 {Springer},
  year =	 1923,
  address =	 {Berlin}
}

@TechReport{bh02,
  author =	 {P. Bra{\ss} and L. Heinrich-Litan},
  title =	 {Computing the Center of Area of a Convex Polygon},
  institution =	 {Freie Universit\"at Berlin, Fachbereich Mathematik
                  und Informatik},
  year =	 2002,
  number =	 {B~02-10},
  month =	 {March}
}

@Article{bo79,
  author =	 "J. L. Bentley and T. A. Ottmann",
  title =	 "Algorithms for reporting and counting geometric
                  intersections",
  pages =	 "643--647",
  journal =	 "IEEE Transactions on Computers",
  volume =	 "C-28",
  year =	 "1979"
}

@Article{c99,
  author =	 {T. Chan},
  title =	 {Geometric Applications of a Randomized Optimization
                  Technique},
  journal =	 {Discrete {\&} Computational Geometry},
  year =	 1999,
  volume =	 22,
  pages =	 {547--567}
}

@INPROCEEDINGS{ccu98,
  title =	 {On measuring areas of polygons},
  author =	 {J. Czyzowicz and F. Contreras-Alcal{\'{a}} and
                  J. Urrutia},
  booktitle =	 {Proceedings of the 10th Canadian Conference on
                  Computational Geometry (CCCG'98)},
  year =	 1998,
  url =		 {http://www.cccg.ca/proceedings/1998/}
}

@InProceedings{do89,
  title =	 "Computing the Center of Area of a Polygon",
  author =	 "M. D{\'\i}az and J. O'Rourke",
  pages =	 "171--182",
  booktitle =	 "Workshop on Algorithms and Data Structures
                  ({WADS}~'89)",
  editor =	 "F. Dehne and J.-R. Sack and N. Santoro",
  address =	 "Ottawa, Canada",
  year =	 "1989",
  series =	 "Lecture Notes in Computer Science",
  volume =	 "382",
  publisher =	 "Springer-Verlag",
}

@Article{do91,
  author =	 {M. D{\'\i}az and J. O'Rourke},
  title =	 {Chord Centers for Convex Polygons},
  journal =	 {Contemporary Mathematics},
  year =	 1991,
  volume =	 119,
  pages =	 {29--43},
  note =	 {Proceedings of the AMS Special Session on Vision
                  Geometry 1989}
}

@Article{do94,
  author =	 {M. D{\'\i}az and J. O'Rourke},
  title =	 {Algorithms for computing the center of area of a
                  convex polygon},
  journal =	 {The Visual Computer},
  year =	 1994,
  volume =	 10,
  pages =	 {432--442}
}

@Article{e55a,
  author =	 {E. Ehrhart},
  title =	 {Sur les Ovales and les Ovoides},
  journal =	 {C. R. Acad. Sci. Paris},
  year =	 1955,
  volume =	 240,
  pages =	 {583--585}
}

@Article{e55b,
  author =	 {E. Ehrhart},
  title =	 {Une G\'en\'eralisation du Th\'eor\`eme de
                  {M}inkowski},
  journal =	 {C. R. Acad. Sci. Paris},
  year =	 1955,
  volume =	 240,
  pages =	 {483--485}
}

@InCollection{e93,
  author =	 {J. Eckhoff},
  title =	 {{H}elly, {R}adon, and {C}aratheodory Type Theorems},
  booktitle =	 {Handbook of Convex Geometry},
  pages =	 {389--448},
  publisher =	 {North-Holland},
  year =	 1993,
  editor =	 {P. M. Gruber and J. M. Wills},
  chapter =	 {2.1},
  address =	 {Amsterdam, Netherlands}
}

@InProceedings{g63,
  author =	 {B. Gr{\"u}nbaum},
  title =	 {Measures of Symmetry for Convex Sets},
  booktitle =	 {Convexity: AMS Proceedings of the Symposium on Pure
                  Mathematics VII},
  pages =	 {233--270},
  year =	 1963,
  editor =	 {V. Klee}
}

@Article{g72,
  author =	 "R. L. Graham",
  title =	 "An efficient algorithm for determining the convex
                  hull of a finite planar set",
  journal =	 "Information Processing Letters",
  volume =	 "1",
  number =	 "4",
  pages =	 "132--133",
  month =	 jun,
  year =	 "1972"
}

@Article{h62,
  author =	 {V. E. Hoggatt},
  title =	 {Forbidden Area},
  journal =	 {American Mathematical Monthly},
  year =	 1962,
  volume =	 69,
  pages =	 {98--104}
}

@Book{ll35,
  author =	 {M. A. Lavrent'ev and L. A. Lyusternik},
  title =	 {Elements of the Calculus of Variations},
  publisher =	 {Moscow},
  year =	 1935,
  volume =	 {I, part II},
  note =	 {(in Russian)}
}

@TechReport{ls02,
  author =	 {S. Langerman and W. Steiger},
  title =	 {Optimization in Arrangements},
  institution =	 {School of Computer Science, McGill University},
  year =	 2002,
  number =	 {SOCS-02.7}
}

@Article{m83,
  author =	 {N. Megiddo},
  title =	 {Applying Parallel Computation Algorithms in the
                  Design of Serial Algorithms},
  journal =	 {Journal of the ACM},
  year =	 1983,
  volume =	 30,
  number =	 4,
  pages =	 {852--865}
}

@InProceedings{msw92,
  author =	 "J. Matousek and M. Sharir and E. Welzl",
  title =	 "A Subexponential Bound for Linear Programming",
  pages =	 "1--8",
  booktitle =	 "Proc. Eighth Ann. ACM Symp. on Computational
                  Geometry",
  address =	 "Berlin, Germany",
  month =	 jun,
  year =	 "1992",
}

@Article{n45,
  author =	 {B. H. Neumann},
  title =	 {On an Invariant of Plane Regions and Mass
                  Distributions},
  journal =	 {Journal of the London Mathematical Society},
  year =	 1945,
  pages =	 {226--237}
}

@Article{n58,
  author =	 {D. J. Newman},
  title =	 {Partitioning of Areas by Straight Lines},
  journal =	 {Notices of the American Mathematical Society},
  year =	 1958,
  volume =	 5,
  pages =	 510
}

@Book{ps85,
  author =	 {F. P. Preparata and M. I. Shamos},
  title =	 {Computational Geometry},
  publisher =	 {Springer-Verlag},
  year =	 1985
}

@Article{s50,
  author =	 {W. S\"uss},
  title =	 {{\"U}ber {E}ibereiche mit {M}ittelpunkt},
  journal =	 {Mathematisch-Physikalische Semester-berichte},
  year =	 1950,
  volume =	 1,
  pages =	 {273--287}
}

@article{s90,
  author =	 "R. Seidel",
  title =	 "Small-dimensional linear programming and convex
                  hulls made easy",
  journal =	 "Discrete {\&} Computational Geometry",
  volume =	 "6",
  year =	 "1991",
  pages =	 "423--434",
  note =	 "See also {\em 6th Symp. Comp. Geom.}, 1990,
                  pp. 211--215",
}

@Article{ss67,
  author =	 {D. S. Singmaster and G. Singmaster},
  title =	 {Forbidden Regions are Convex},
  journal =	 {American Mathematical Monthly},
  year =	 1967,
  volume =	 74,
  pages =	 {184--186}
}

@InProceedings{sw92,
  author =	 "M. Sharir and E. Welzl",
  title =	 "A Combinatorial Bound for Linear Programming and
                  Related Problems",
  pages =	 "569--588",
  booktitle =	 "Proceedings of Symposion on Theoretical Aspects of
                  Computer Science ({STACS} '92)",
  year =	 "1992",
}

@InProceedings{t71,
  author =	 {J. Tukey},
  title =	 {Mathematics and the Picturing of Data},
  booktitle =	 {International Conference of Mathematicians},
  year =	 1971
}

@Book{yb51,
  author =	 {I. M. Yaglom and V. G. Boltyanskii},
  title =	 {Convex Figures},
  publisher =	 {Holt, Rinehart and Winston},
  year =	 1961,
  note =	 {(Translated from Russian)}
}

