
@InProceedings{bgm02,
  author =	 {P. Bose and J. Gudmundsson and P. Morin},
  title =	 {Ordered theta graphs},
  booktitle =	 {Proceedings of the 14th Canadian Conference on
                  Computational Geometry (CCCG~2002)},
  year =	 2002,
  pages =        {17--21},
  url =		 {http://www.cccg.ca/proceedings/2002/},
  link =	 {\publink{ps.gz
                  abstract}{spanner/theta-abstract.ps.gz}
                  \publink{ps.gz}{spanner/theta-full.ps.gz}
                  \publink{pdf}{spanner/theta-full.pdf}}
}

@InProceedings{il02,
  author = 	 {J. Iacono and S. Langerman},
  title = 	 {Queaps},
  booktitle = 	 {Proceedings of the 13th Annual International Symposium
                  on Algorithms and Computation},
  year =	 2002
}

@InProceedings{i01,
  author =       "John Iacono",
  title =        "Alternatives to Splay Trees with {O(log n)} Worst-case
                 Access Times",
  pages =        "516--522",
  booktitle =    "Proceedings of the Twelfth Annual {ACM}-{SIAM}
                 Symposium on Discrete Algorithms ({SODA}-01)",
  month =        jan # " ~7--9",
  publisher =    "ACM Press",
  address =      "New York",
  year =         "2001",
}


