
@InProceedings{ls08,
  author = 	 {M. L\"offler and J. Snoeyink},
  title = 	 {Delaunay triangulations of imprecise pointsin linear time after preprocessing},
  booktitle = {ACM Symposium on Computational Geometry (SoCG~2008)},
  pages = 	 {298--304}
}

@Book{bcko08,
  author = 	 {M. de Berg and O. Cheong and M. van Kreveld and M. Overmars},
  title = 	 {Computational Geometry: Algorithms and Applications},
  publisher = 	 {Springer},
  year = 	 2008,
  edition = 	 {Third}
}

@Article{cdhmst02,
  author = 	 {B. Chazelle and O. Devillers and F. Hurtado and M. Mora and V. Sacristan and M. Teillaud},
  title = 	 {Splitting a Delaunay Triangulation in Linear Time},
  journal = 	 {Algorithmica},
  year = 	 2002,
  volume = 	 34,
  pages = 	 {39--46}
}

