
@InProceedings{ah01,
  author =	 {P.~K.~Agarwal and S.~Har-Peled},
  title =	 {Maintaining the Approximate Extent Measures of
                  Moving Points},
  booktitle =	 {Proceedings of the 12th Annual ACM-SIAM Symposium on
                  Discrete Algorithms},
  year =	 2001,
  pages =	 {148--157}
}

@Article{b88,
  author =	 {C.~Bajaj},
  title =	 {The Algebraic Degree of Geometric Optimization
                  Problems},
  journal =	 {Discrete {\&} Computational Geometry},
  year =	 1988,
  volume =	 3,
  pages =	 {177--191}
}

@Article{bmm02,
  author =	 {P. Bose and A. Maheshwari and P. Morin},
  title =	 {Fast approximations for sums of distances,
                  clustering and the {F}ermat-{W}eber problem},
  journal =	 {Computational Geometry: Theory and Apllications},
  volume =	 {24},
  issue =	 {3},
  pages =	 {135--146},
  year =	 2002,
}

@Article{ct90,
  author =	 {R. Chandrasekaran and A. Tamir},
  title =	 {Algebraic Optimization: The {F}ermat-{W}eber
                  Location Problem},
  journal =	 {Mathematical Programming},
  year =	 1990,
  volume =	 46,
  number =	 2,
  pages =	 {219--224}
}

@Article{eh00,
  author =	 {V. Estivill-Castro and M. E. Houle},
  title =	 {Robust Distance-Based Clustering with Applications
                  to Spatial Data Mining},
  journal =	 {Algorithmica},
  year =	 2000,
  note =	 {To appear}
}

@Article{h63,
  author =	 {W. Hoeffding},
  title =	 {Probability inequalities for sums of bounded random
                  variables},
  journal =	 {Journal of the American Statistical Association},
  year =	 1963,
  volume =	 58,
  pages =	 {13--30}
}

@Book{hl93,
  author =	 {J. B. Hirriart-Urruty and C. Lemarechal},
  title =	 {Convex Analysis and Minimization Algorithms},
  publisher =	 {Springer Verlag},
  year =	 1993,
  volume =	 {I and II}
}

@InProceedings{i01,
  author =	 {P. Indyk},
  title =	 {Algorithmic Applications of Low-Distortion Geometric
                  Embeddings},
  booktitle =	 {Proceedings of the 42nd IEEE Symposium on
                  Foundations of Computer Science},
  pages =	 {10--33},
  year =	 2001
}

@InProceedings{i99,
  author =	 {P. Indyk},
  title =	 {Sublinear time algorithms for metric space problems},
  booktitle =	 {Proceedings of the 31st ACM Symposium on Theory of
                  Computing (STOC'99)},
  year =	 1999
}

@InProceedings{k97,
  author =	 {J. Kleinberg},
  title =	 {Two algorithms for nearest neighbour search in high
                  dimensions},
  booktitle =	 {Proceedings of the 29th ACM Symposium on Theory of
                  Computing (STOC'97)},
  pages =	 {599--608},
  year =	 1997
}

@Book{kr90,
  author =	 {L. Kaufman and P. J. Rousseeuw},
  title =	 {Finding Groups in Data: An Introduction to Cluster
                  Analysis},
  publisher =	 {John Wiley {\&} Sons},
  year =	 1990
}

@Book{m70,
  author =	 {D. S. Mitrinovic},
  title =	 {Analytic Inequalities},
  publisher =	 {Springer},
  year =	 1970,
  address =	 {New York}
}

@InCollection{m89,
  author =	 {C. McDiarmid},
  title =	 {On the method of bounded differences},
  booktitle =	 {Surveys in Combinatorics},
  pages =	 {148--188},
  publisher =	 {Cambridge University Press},
  year =	 1989,
  volume =	 141,
  series =	 {London Mathematical Society Lecture Notes Series}
}

@InCollection{msd00,
  author =	 {A. Maheshwari and J.-R. Sack and H. Djidjev},
  title =	 {Link Distance Problems},
  booktitle =	 {Handbook of Computational Geometry},
  pages =	 {519--558},
  publisher =	 {Elsevier Science},
  year =	 2000,
  editor =	 {J.-R. Sack and J. Urrutia}
}

@InProceedings{nh94,
  author =	 {R. T. Ng and J. Han},
  title =	 {Efficient and Effective Clustering Methods for
                  Spatial Data Mining},
  booktitle =	 {Proceedings of the 20th Conference on Very Large
                  Databases (VLDB)},
  pages =	 {144--155},
  year =	 1994
}

@Book{r70,
  author =	 {R. T. Rockafellar},
  title =	 {Convex Analysis},
  publisher =	 {Princeton University Press},
  year =	 1970
}

@Book{rv73,
  author =	 "A. W. Roberts and D. E. Varberg",
  title =	 "Convex Functions",
  publisher =	 "Academic Press",
  year =	 1973,
  address =	 "New York",
}

@Book{sw70,
  author =	 {J. Stoer and C. Witzgall},
  title =	 {Convexity and Optimization in Finite Dimensions},
  publisher =	 {Springer-Verlag},
  year =	 1970,
  address =	 {New-York}
}

