
@Article{kps03,
  author = 	 {R. M. Karp and S. Shenker and C. H. Papadimitriou},
  title = 	 {A Simple Algorithm for Finding Frequent Elements in Streams and Bags},
  journal = 	 {ACM Transactions on Database Systems},
  year = 	 2003,
  volume =	 28,
  number =	 1,
  pages =	 {51--55}
}

@InProceedings{ams96,
  author =	 {N. Alon and Y. Matias and M. Szegedy},
  title =	 {The Space Complexity of Approximating the Frequency
                  Moments},
  booktitle =	 {Proceedings of the 28th ACM Symposium on the Theory
                  of Computing (STOCS'96)},
  pages =	 {20--29},
  year =	 1996
}

@InProceedings{ccf02,
  author =	 {M. Charikar and K. Chen and M. Farach-Colton},
  title =	 {Finding Frequent Items in Data Streams},
  booktitle =	 {Proceedings of the 19th International Colloquium on
                  Automata, Languages and Programming},
  pages =	 {693--703},
  year =	 2002
}

@InProceedings{dgim02,
  author =	 {M. Datar and A. Gionis and P. Indyk and R. Motwani},
  title =	 {Maintaining Stream Statistics Over Sliding Windows},
  booktitle =	 {Proceedings of the 13th Annual ACM-SIAM Symposium on
                  Discrete Algorithms (SODA~2002)},
  pages =	 {635--644},
  year =	 2002
}

@InProceedings{dlom02,
  AUTHOR =	 {E. D. Demaine and A. L\'opez-Ortiz and J. I. Munro},
  TITLE =	 {Frequency Estimation of Internet Packet Streams with
                  Limited Space},
  BOOKTITLE =	 {Proceedings of the 10th Annual European Symposium on
                  Algorithms (ESA~2002)},
  YEAR =	 2002,
  PAGES =	 {348--360},
}

@InProceedings{ev01,
  author =	 {C. Estan and G. Varghese},
  title =	 {New Directions in Traffic Measurement and
                  Accounting},
  booktitle =	 {Proceedings of the ACM SIGCOMM Internet Measurement
                  Workshop},
  url =          {http://www.icir.org/vern/imw-2002/proceedings.html},
  year =	 2001
}

@Article{fs82,
  author =	 {M. J. Fischer and S. L. Salzberg},
  title =	 {Finding a Majority Among {$n$} Votes: Solution to
                  Problem 81-5 ({J}ournal of {A}lgorithms, June 1981)},
  journal =	 {Journal of Algorithms},
  year =	 1982,
  volume =	 3,
  number =	 4,
  pages =	 {362--380}
}

@InProceedings{fsgm98,
  author =	 {M. Fang and S. Shivakumar and H. Garcia-Molina and
                  R. Motwani and J. Ullman},
  title =	 {Computing Iceberg Queries Efficiently},
  booktitle =	 {Proceedings of the 24th International Conference on
                  Very Large Databases},
  pages =	 {299--310},
  year =	 1998
}

@InProceedings{gm99,
  author =	 {P. Gupta and N. McKeown},
  title =	 {Packet Classification on Multiple Fields},
  booktitle =	 {Proceedings of ACM SIGCOMM},
  pages =	 {147--160},
  year =	 1999
}

@InProceedings{hnss95,
  author =	 {P. J. Haas and J. F. Naughton and S. Sehadri and
                  L. Stokes},
  title =	 {Samples-Based Estimation of the Number of Distinct
                  Values of an Attribute},
  booktitle =	 {Proceedings of the 21st International Conference on
                  Very Large Databases (VLDB'95)},
  pages =	 {311-322},
  year =	 1995
}

@InProceedings{i00,
  author =	 {P. Indyk},
  title =	 {Stable Distributions, Pseudorandom Generators,
                  Embeddings, and Data Stream Computations},
  booktitle =	 {Proceedings of the 41st Annual IEEE Symposium on
                  Foundations of Computer Science (FOCS~2000)},
  pages =	 {189--197},
  year =	 2000
}

@InProceedings{igms02,
  author =	 {P. Indyk and S. Guha and M. Muthukrishnan and
                  M. Strauss},
  title =	 {Histogramming Data Streams with Fast Per-Item
                  Processing},
  booktitle =	 {Proceedings of the 19th International Colloquium on
                  Automata, Languages and Programming},
  pages =	 {681--692},
  year =	 2002
}

@InProceedings{y77,
  author =	 {A. C. Yao},
  title =	 {Probabilistic Computations: Towards a Unified
                  Measure of Complexity},
  booktitle =	 {Proceedings of the 18th Annual Symposium on
                  Foundations of Computer Science (FOCS'77)},
  pages =	 {222--227},
  year =	 1977
}


@InProceedings{mm02,
   author =      {G. Manku and R. Motwani},
   title =       {Approximate frequency counts over data streams},
   booktitle =   {Proceedings of the 28th International Conference 
                  on Very Large Data Bases},
   year =        2002
}






