
@article{bfprt73,
  author =	 "M. Blum and R. W. Floyd and V. Pratt and
                  R. L. Rivest and R. E. Tarjan",
  title =	 "Time bounds for selection",
  journal =	 "Journal of Computing and Systems Science",
  volume =	 7,
  year =	 1973,
  pages =	 "448--461",
}

@InProceedings{bo83,
  title =	 "Lower Bounds for Algebraic Computation Trees
                  (Preliminary Report)",
  author =	 "M. Ben-Or",
  pages =	 "80--86",
  booktitle =	 "Proceedings of the Fifteenth Annual {ACM} Symposium
                  on Theory of Computing",
  year =	 "1983",
}

@Article{bs97,
  title =	 "On a Simple, Practical, Optimal, Output-Sensitive
                  Randomized Planar Convex Hull Algorithm",
  author =	 "B. K. Bhattacharya and S. Sen",
  pages =	 "177--193",
  journal =	 "Journal of Algorithms",
  year =	 "1997",
  volume =	 "25",
  number =	 "1",
}

@Article{c96,
  author =	 "T. M. Chan",
  title =	 "Optimal Output-Sensitive Convex Hull Algorithms in
                  Two and Three Dimensions",
  journal =	 "Discrete {\&} Computational Geometry",
  pages =        "361--368",
  volume =	 "16",
  year =	 "1996",
}

@Article{ch67,
  author =	 {T. M. Cover and P. E. Hart},
  title =	 {Nearest Neighbour Pattern Classification},
  journal =	 {IEEE Transactions on Information Theory},
  year =	 1967,
  volume =	 13,
  pages =	 {21--27}
}

@Article{csy97,
  author =	 "T. M. Chan and J. Snoeyink and C. K. Yap",
  title =	 "Primal Dividing and Dual Pruning: Output-Sensitive
                  Construction of Four-Dimensional Polytopes and
                  Three-Dimensional {V}oronoi Diagrams",
  journal =	 "Discrete {\&} Computational Geometry",
  volume =	 "18",
  pages =        "433--454",
  year =	 "1997",
}

@Article{d81,
  author =	 {L. Devroye},
  title =	 {On the Inequality of {C}over and {H}art},
  journal =	 {IEEE Transactions on Pattern Analysis and Machine
                  Intelligence},
  year =	 1981,
  volume =	 3,
  pages =	 {75--78}
}

@Article{dk83,
  author =	 "D. P. Dobkin and D. G. Kirkpatrick",
  title =	 "Fast Detection of Poyhedral Intersection",
  year =	 "1983",
  journal =	 "Theoretical Computer Science",
  volume =	 "27",
  pages =	 "241--253",
}

@Article{dk85,
  author =	 "D. P. Dobkin and D. G. Kirkpatrick",
  title =	 "A Linear Algorithm for Determining the Separation of
                  Convex Polyhedra",
  year =	 "1985",
  journal =	 "Journal of Algorithms",
  volume =	 "6",
  pages =	 "381--392",
}

@Article{dw78,
  author =	 {B. Dasarathy and L. J. White},
  title =	 {A Characterization of Nearest-Neighbour Rule
                  Decision Surfaces and a New Approach to Generate
                  Them},
  journal =	 {Pattern Recognition},
  year =	 1978,
  volume =	 10,
  pages =	 {41--46}
}

@Article{h61,
  author =	 "C. A. R. Hoare",
  title =	 "{ACM Algorithm 64}: Quicksort",
  journal =	 "Communications of the ACM",
  volume =	 "4",
  number =	 "7",
  pages =	 "321",
  year =	 "1961",
}

@Article{ks86,
  author =	 "D. G. Kirkpatrick and R. Seidel",
  title =	 "The ultimate planar convex hull algorithm?",
  journal =	 "SIAM Journal on Computing",
  volume =	 "15",
  number =	 "1",
  pages =	 "287--299",
  year =	 "1986",
}

@Book{ps85,
  author =	 "F. P Preparata and M. I. Shamos",
  year =	 "1985",
  title =	 "Computational Geometry",
  publisher =	 "Springer-Verlag",
  city =	 "New York",
}

@InProceedings{s75,
  author =	 "M. I. Shamos",
  title =	 "Geometric Complexity",
  booktitle =	 "Proceedings of the 7th ACM Symposium on the Theory
                  of Computing (STOC~1975)",
  pages =	 "224--253",
  year =	 "1975",
}

@Article{s77,
  author =	 {C. Stone},
  title =	 {Consistent Nonparametric Regression},
  journal =	 {Annals of Statistics},
  year =	 1977,
  volume =	 8,
  pages =	 {1348--1360}
}

@Misc{t03,
  author =	 {G. T. Toussaint},
  title =	 {Proximity Graphs for Instance-Based Learning},
  howpublished = {Manuscript},
  year =	 2003,
}

@InProceedings{tbp84,
  author =	 {G. T. Toussaint and B. K. Bhattacharya and
                  R. S. Poulsen},
  title =	 {The Application of {V}oronoi Diagrams to
                  Non-Parametric Decision Rules},
  booktitle =	 {Proceedings of Computer Science and Statistics: 16th
                  Symposium of the Interface},
  year =	 1984
}

@Article{w97,
  author =	 {R. Wenger},
  title =	 {Randomized Quick Hull},
  journal =	 {Algorithmica},
  year =	 {1997},
  volume =	 {17},
  pages =	 {322--329},
}

@Article{k83,
  author =       "D. G. Kirkpatrick",
  title =        "Optimal Search in Planar Subdivisions",
  pages =        "28--35",
  volume =       "12",
  number =       "1",
  year =         "1983",
  journal =      "SIAM Journal on Computing",
}
