@STRING{aap	= {Advances in Applied Probability} }
@STRING{cma	= {Computers and Mathematics with Applications} }
@STRING{dcg	= {Discrete {\&} Computational Geometry} }
@STRING{ijcga	= {International Journal of Computational Geometry and
		  Applications} }
@STRING{sicomp	= {SIAM Journal on Computing} }

@Book{		  abramowitz.stegun:handbook,
  editor	= {Milton Abramowitz and Irene A. Stegun},
  title		= {Handbook of Mathematical Functions},
  edition	= {9th},
  publisher	= {Dover Publications},
  year		= {1972},
  isbn		= {0-486-61272-4},
  address	= {New York}
}

@Article{	  alzoubi.li.ea:geometric,
  author	= {K. M. Alzoubi and X.-Y. Li and Y. Wang and Peng-Jun Wan
		  and Ophir Frieder},
  title		= {Geometric Spanners for Wireless Ad Hoc Networks},
  journal	= {IEEE Trans. Parallel Distrib. Syst.},
  volume	= {14},
  number	= {4},
  year		= {2003},
  pages		= {408-421},
  ee		= {http://doi.ieeecomputersociety.org/10.1109/TPDS.2003.1195412}
		  ,
  bibsource	= {DBLP, http://dblp.uni-trier.de}
}

@InProceedings{	  arkin.anta.ea:probabilistic,
  author	= {Esther M. Arkin and Antonio Fern{\'a}ndez Anta and Joseph
		  S. B. Mitchell and Miguel A. Mosteiro},
  title		= {Probabilistic Bounds on the Length of a Longest Edge in
		  Delaunay Graphs of Random Points in d-Dimensions},
  booktitle	= {Proceedings of the 23rd Annual Canadian Conference on
		  Computational Geometry (CCCG 2011)},
  year		= {2011}
}

@Article{	  avis.beresford-smith.ea:unoriented,
  author	= {D. Avis and B. Beresford-Smith and L. Devroye and H. A.
		  ElGindy and E. Gu{\'e}vremont and F. Hurtado and B. Zhu},
  title		= {Unoriented $\Theta$-Maxima in the Plane: Complexity and
		  Algorithms},
  journal	= sicomp,
  volume	= {28},
  number	= {1},
  year		= {1998},
  pages		= {278-296}
}

@Article{	  bern.eppstein.ea:expected,
  author	= {M. Bern and D. Eppstein and F. Yao},
  title		= {The expected extremes in a {D}elaunay triangulation},
  journal	= ijcga,
  volume	= {1},
  pages		= {79--91},
  year		= {1991}
}

@InProceedings{	  bonichon.gavoille.ea:connections,
  author	= {Nicolas Bonichon and Cyril Gavoille and Nicolas Hanusse
		  and David Ilcinkas},
  title		= {Connections between Theta-Graphs, Delaunay Triangulations,
		  and Orthogonal Surfaces},
  booktitle	= {WG},
  pages		= {266-278},
  series	= {Lecture Notes in Computer Science},
  volume	= {6410},
  publisher	= {Springer},
  year		= {2010}
}

@Article{	  bose.damian.ea:2-angle,
  author	= {P. Bose and M. Damian and K. Dou\"{\i}eb and J. O'Rourke
		  and B. Seamone and M. Smid and S. Wuhrer},
  title		= {{$\pi/2$}-Angle Yao Graphs are Spanners},
  journal	= ijcga,
  volume	= {22},
  number	= {1},
  year		= {2012},
  pages		= {61-82}
}

@Misc{		  bose.morin.ea:theta-5,
  author	= {P. Bose and P. Morin and A. van Renssen and S.
		  Verdonschot},
  title		= {The Theta-5 Graph is a Spanner},
  howpublished	= {arXiv:1212.0570},
  year		= {2012},
}

@Misc{		  morin.verdonschot:on,
  author	= {P. Morin and S. Verdonschot},
  title		= {On the Average Number of Edges in Theta Graphs},
  howpublished	= {arXiv:1304.3402},
  year		= {2012},
}



@Misc{		  barba.bose.ea:on,
  author	= {L. Barba and P. Bose and J.-L. de Carufel and A. van Renssen
               and S. Verdonschot},
  title		= {On the Stretch Factor of the Theta-4 Graph},
  howpublished	= {arXiv:1303.5473},
  year		= {2012},
}



@InProceedings{	  boucheron.lugosi.ea:concentration,
  author	= {St{\'e}phane Boucheron and G{\'a}bor Lugosi and Olivier
		  Bousquet},
  title		= {Concentration Inequalities},
  booktitle	= {Advanced Lectures on Machine Learning},
  pages		= {208-240},
  publisher	= {Springer},
  series	= {Lecture Notes in Computer Science},
  volume	= {3176},
  year		= {2004}
}

@InProceedings{	  clarkson:approximation,
  author	= {K. L. Clarkson},
  title		= {Approximation Algorithms for Shortest Path Motion Planning
		  (Extended Abstract)},
  booktitle	= {Proceedings of the 19th Annual ACM Symposium on Theory of
		  Computing (STOC'87)},
  pages		= {56-65},
  editor	= {A. V. Aho},
  publisher	= {ACM},
  year		= {1987}
}

@Book{		  daley.vere-jones:introduction,
  author	= {D. J. Daley and D. Vere-Jones},
  title		= {An Introduction to the Theory of Point Processes. Volume
		  I: Elementary Theory and Methods},
  series	= {Probability and Its Applications},
  year		= {2003},
  publisher	= {Springer}
}

@Article{	  devroye.gudmundsson.ea:on,
  author	= {L. Devroye and J. Gudmundsson and P. Morin},
  title		= {On the Expected Maximum Degree of {G}abriel and {Y}ao
		  Graphs},
  journal	= aap,
  volume	= {41},
  number	= {4},
  pages		= {1123--1140},
  year		= {2009},
  link		= {\publink{arXiv}{http://arxiv.org/abs/0905.3584}}
}

@Article{	  devroye:expected,
  author	= {L. Devroye},
  title		= {The expected size of some graphs in computational
		  geometry},
  journal	= cma,
  volume	= {15},
  pages		= {53--64},
  year		= {1988}
}

@Article{	  eppstein.paterson.ea:on,
  title		= {On nearest neighbor graphs},
  author	= {David Eppstein and Michael S. Paterson and Frances F.
		  Yao},
  journal	= {Discrete {\&} Computational Geometry},
  volume	= {17},
  number	= {3},
  pages		= {263--282},
  month		= {April},
  year		= {1997}
}

@InProceedings{	  fischer.lukovszki.ea:geometric,
  author	= {Matthias Fischer and Tam{\'a}s Lukovszki and Martin
		  Ziegler},
  title		= {Geometric Searching in Walkthrough Animations with Weak
		  Spanners in Real Time},
  pages		= {163-174},
  editor	= {Gianfranco Bilardi and Giuseppe F. Italiano and Andrea
		  Pietracaprina and Geppino Pucci},
  booktitle	= {Proceedings of the 6th Annual European Symposium on
		  Algorithms (ESA'98)},
  publisher	= {Springer},
  series	= {Lecture Notes in Computer Science},
  volume	= {1461},
  year		= {1998}
}

@Article{	  flinchbaugh.jones:strong,
  author	= {B. E. Flinchbaugh and L. K. Jones},
  title		= {Strong Connectivity in Directional Nearest-Neighbor
		  Graphs},
  journal	= {SIAM Journal on Algebraic Discrete Methods},
  volume	= {2},
  number	= {4},
  year		= {1981}
}

@Article{	  keil.gutwin:classes,
  author	= {J. M. Keil and C. A. Gutwin},
  title		= {Classes of Graphs Which Approximate the Complete Euclidean
		  Graph},
  journal	= dcg,
  volume	= {7},
  year		= {1992},
  pages		= {13-28}
}

@InProceedings{	  keil:approximating,
  author	= {J. M. Keil},
  title		= {Approximating the Complete Euclidean Graph},
  booktitle	= {Proceedings of the 1st Scandinavian Workshop on Algorithm
		  Theory (SWAT'88)},
  pages		= {208-213},
  editor	= {R. G. Karlsson and A. Lingas},
  series	= {Lecture Notes in Computer Science},
  volume	= {318},
  year		= {1988}
}

@InProceedings{	  mcdiarmid:on,
  author	= {Colin McDiarmid},
  title		= {On the method of bounded differences},
  booktitle	= {Surveys in Combinatorics},
  editor	= {J. Siemons},
  series	= {London Mathematical Society Lecture Note Series},
  volume	= {141},
  publisher	= {Cambridge University Press},
  year		= {1989},
  pages		= {148-188}
}

@Book{		  meester.roy:continuum,
  author	= {Meester, Ronald and Roy, Rahul},
  title		= {Continuum percolation},
  series	= {Cambridge Tracts in Mathematics},
  volume	= {119},
  publisher	= {Cambridge University Press},
  address	= {Cambridge},
  year		= {1996},
  pages		= {x+238},
  isbn		= {0-521-47504-X},
  mrclass	= {60K35 (82B43)},
  mrnumber	= {MR1409145 (98d:60193)},
  mrreviewer	= {Mathew D. Penrose}
}

@Book{		  molchanov:theory,
  author	= {I. Molchanov},
  title		= {Theory of Random Sets},
  publisher	= {Springer},
  series	= {Probability and Its Applications},
  year		= {2005}
}

@Article{	  penrose.yukich:central,
  title		= {Central Limit Theorems for some Graphs in Computational
		  Geometry},
  author	= {Mathew D. Penrose and J. E. Yukich},
  journal	= {The Annals of Applied Probability},
  volume	= {11},
  number	= {4},
  pages		= {1005--1041},
  year		= {2001}
}

@Article{	  penrose.yukich:weak,
  title		= {Weak laws of large numbers in geometric probability},
  author	= {Mathew D. Penrose and J. E. Yukich},
  journal	= {The Annals of Applied Probability},
  volume	= {13},
  number	= {1},
  pages		= {277--303},
  year		= {2003}
}

@Book{		  penrose:random,
  author	= {Mathew Penrose},
  title		= {Random Geometric Graphs},
  year		= {2003},
  isbn		= {0198506260},
  publisher	= {Oxford University Press}
}

@InProceedings{	  ruppert.seidel:approximating,
  author	= {J. Ruppert and R. Seidel},
  title		= {Approximating the {$d$}-Dimensional Complete {E}uclidean
		  Graph},
  booktitle	= {Proceedings of the 3rd Canadian Conference on
		  Computational Geometry},
  pages		= {207--210},
  year		= {1991}
}

@Article{	  yao:on,
  author	= {A. Chi-Chih Yao},
  title		= {On Constructing Minimum Spanning Trees in k-Dimensional
		  Spaces and Related Problems},
  journal	= sicomp,
  volume	= {11},
  number	= {4},
  year		= {1982},
  pages		= {721-736}
}

@misc{ rysavy:wireless,
  author    = {Peter Rysavy},
  title     = {Wireless Broadband and Other Fixed-Wireless Systems},
  url       = {http://www.networkcomputing.com/netdesign/bb1.html},
  cited     = {January 30, 2014}
}
  
