@InProceedings{il02,
  author = 	 {J. Iacono and S. Langerman},
  title = 	 {Queaps},
  booktitle = 	 {10th European Symposium on Algorithms (ESA 2002)},
  year =	 2002,
  note =	 {To appear}
}

@Article{st85,
  author =       "D. D. Sleator and R. E. Tarjan",
  title =        "Self-Adjusting Binary Search Trees",
  journal =      "Journal of the ACM",
  volume =       "32",
  number =       "3",
  pages =        "652--686",
  year =         "1985",
}

@InProceedings{i01,
  author =       "J. Iacono",
  title =        "Alternatives to Splay Trees with {$O(\log n)$} Worst-case
                 Access Times",
  pages =        "516--522",
  booktitle =    "Proceedings of the Twelfth Annual {ACM}-{SIAM}
                 Symposium on Discrete Algorithms ({SODA}-01)",
  year =         "2001",
}

@InProceedings{g00,
  author =       "M. T. Goodrich",
  title =        "Competitive tree-structured dictionaries.",
  pages =        "494--495",
  booktitle =    "Proceedings of the Eleventh Annual {ACM}-{SIAM}
                 Symposium on Discrete Algorithms",
  year =         "2000",
}