@article{bose.dujmovic.ea:robust,
  author    = {Prosenjit Bose and
               Vida Dujmovic and
               Pat Morin and
               Michiel H. M. Smid},
  title     = {Robust Geometric Spanners},
  journal   = {{SIAM} J. Comput.},
  volume    = {42},
  number    = {4},
  pages     = {1720--1736},
  year      = {2013},
  url       = {http://dx.doi.org/10.1137/120874473},
  doi       = {10.1137/120874473},
  timestamp = {Wed, 25 Sep 2013 14:52:11 +0200},
  biburl    = {http://dblp.uni-trier.de/rec/bib/journals/siamcomp/BoseDMS13},
  bibsource = {dblp computer science bibliography, http://dblp.org}
}
