@article{chandran.sivadasan:boxicity,
  author    = {L. Sunil Chandran and
               Naveen Sivadasan},
  title     = {Boxicity and treewidth},
  journal   = {J. Comb. Theory, Ser. {B}},
  volume    = {97},
  number    = {5},
  pages     = {733--744},
  year      = {2007},
  url       = {http://dx.doi.org/10.1016/j.jctb.2006.12.004},
  doi       = {10.1016/j.jctb.2006.12.004},
  timestamp = {Thu, 20 Sep 2007 15:19:29 +0200},
  biburl    = {http://dblp.uni-trier.de/rec/bib/journals/jct/ChandranS07},
  bibsource = {dblp computer science bibliography, http://dblp.org}
}


@article{thomassen:interval,
  author    = {Carsten Thomassen},
  title     = {Interval representations of planar graphs},
  journal   = {J. Comb. Theory, Ser. {B}},
  volume    = {40},
  number    = {1},
  pages     = {9--20},
  year      = {1986},
  url       = {http://dx.doi.org/10.1016/0095-8956(86)90061-4},
  doi       = {10.1016/0095-8956(86)90061-4},
  timestamp = {Wed, 21 Jun 2006 15:32:49 +0200},
  biburl    = {http://dblp.uni-trier.de/rec/bib/journals/jct/Thomassen86},
  bibsource = {dblp computer science bibliography, http://dblp.org}
}

@book{bollobas:combinatorics,
    author = {Béla Bollobás},
    title = {Combinatorics: Set Systems, Hypergraphs, Families of Vectors, 
             and Combinatorial Probability},
    publisher = {Cambridge University Press},
    year = {1986}
}

@article{bollobas.duchet:helly,
  author    = {B{\'{e}}la Bollob{\'{a}}s and
               Pierre Duchet},
  title     = {Helly Families of Maximal Size},
  journal   = {J. Comb. Theory, Ser. {A}},
  volume    = {26},
  number    = {2},
  pages     = {197--200},
  year      = {1979},
  url       = {http://dx.doi.org/10.1016/0097-3165(79)90071-2},
  doi       = {10.1016/0097-3165(79)90071-2},
  timestamp = {Mon, 24 Aug 2015 19:09:00 +0200},
  biburl    = {http://dblp.uni-trier.de/rec/bib/journals/jct/Bollobas79},
  bibsource = {dblp computer science bibliography, http://dblp.org}
}
