@inproceedings{ Aichholzer11b,
       author = "O. Aichholzer and G. Aloupis and E. D. Demaine and
                  M. L. Demaine and V. Dujmovi{\'c} and F. Hurtado and
                  A. Lubiw and G. Rote and A. Schulz and
                  D. L. Souvaine and A. Winslow",
       title = "Convexifying polygons without losing visibilities",
       booktitle = "Proc. 23rd Annual Canadian Conference on
                  Computational Geometry (CCCG)",
       pages = "229-234",
       year = "2011"
}

@book{ Ghosh07,
       author = "S. K. Ghosh",
       title = "Visibility Algorithms in the Plane",
       year = "2007",
       publisher = "Cambridge University Press",
}

@book{ ORourke87,
       author = "J. O'Rourke",
       title = "Art Gallery Theorems and Algorithms",
       year = "1987",
       publisher = "Oxford University Press",
}

@article{Devadoss09,
	author = {Satyan Devadoss and Rahul Shah and Xuancheng Shao and Ezra Winston},
	title = {Deformations of associahedra and visibility graphs},
	journal = {Contributions to Discrete Mathematics},
	volume = {7},
	number = {1},
	year = {2012},
	pages = {68-81},
	keywords = {},
	abstract = {Given an arbitrary simple polygon, we construct a polytopal complex analogous to the associahedron based on its convex diagonalizations. This polytopal complex is shown to be contractible, and a geometric realization is provided based on the theory of secondary polytopes.  We then reformulate a combinatorial deformation theory in terms of visibility and presents some open problems.},
	issn = {1715-0868},	url = {http://cdm.math.ucalgary.ca/cdm/index.php/cdm/article/view/258}
}

@article{ Abrego11,
       title = "Visibility-preserving convexifications using single-vertex moves",
       journal = "Information Processing Letters",
       volume = "112",
       number = "5",
       pages = "161-163",
       year = "2012",
       note = "",
       issn = "0020-0190",
       doi = "10.1016/j.ipl.2011.11.012",
       url = "http://www.sciencedirect.com/science/article/pii/S0020019011003164",
       author = "B.M. {\'A}brego and M. Cetina and J. Lea{\~n}os and G. Salazar",
       keywords = "Computational geometry",
       keywords = "Convexification",
       keywords = "Visibility",
       keywords = "Visibility-maintaining",
       keywords = "Visibility-preserving",
       keywords = "Polygon",
       keywords = "Single-vertex moves"
}

@inproceedings{Connely00,
       author={Connelly, R. and Demaine, E.D. and Rote, G.},
       booktitle={Foundations of Computer Science, 2000. Proceedings. 41st Annual Symposium on}, title={Straightening polygonal arcs and convexifying polygonal cycles},
       year={2000},
       month={},
       volume={},
       number={},
       pages={432-442},
       keywords={computational geometry;convex cycles;graph theory;piecewise-differentiable motion;planar linkage;polygonal arc straightening;polygonal chains;polygonal cycle convexifying;rule conjecture;symmetry;computational geometry;graph theory;},
       doi={10.1109/SFCS.2000.892131},
       ISSN={},
}

@article{Aichholzer02,
   author = {Aichholzer, Oswin and Aurenhammer, Franz and Krasser, Hannes},
   title = {Enumerating Order Types for Small Point Sets with Applications},
   journal = {Order},
   publisher = {Springer Netherlands},
   issn = {0167-8094},
   keyword = {Mathematics and Statistics},
   pages = {265-281},
   volume = {19},
   issue = {3},
   url = {http://dx.doi.org/10.1023/A:1021231927255},
   note = {10.1023/A:1021231927255},
   year = {2002}
}

@article{Goodman83,
	author = "Jacob E. Goodman and Richard Pollack",
	title = "Multidimensional Sorting",
	journal = "SIAM J. Comput.",
	pages = {484-507},
	volume = {12},
	issue = {3},
	year = {1983}
}

@incollection{Mnev88,
   author = {Mnev, N.},
   affiliation = {USSR Academy of Sciences Institute for Social and Economic Problems USSR USSR},
   title = {The universality theorems on the classification problem of configuration varieties and convex polytopes varieties},
   booktitle = {Topology and Geometry -- Rohlin Seminar},
   series = {Lecture Notes in Mathematics},
   editor = {Viro, Oleg and Vershik, Anatoly},
   publisher = {Springer Berlin / Heidelberg},
   isbn = {978-3-540-50237-1},
   keyword = {Mathematics and Statistics},
   pages = {527-543},
   volume = {1346},
   url = {http://dx.doi.org/10.1007/BFb0082792},
   note = {10.1007/BFb0082792},
   year = {1988}
}

@unpublished{Bose12,
	author = {Prosenjit Bose and Vida Dujmovi{\'c} and Nima Hoda
                  and Pat Morin},
	title = {Visibility-Monotonic Polygon Deflation},
	note = {arXiv:1206.1982v1}
}
