@Article{d78,
  author = 	 {W. J. Dowling},
  title = 	 {Scale and Contour: Two components of a theory of memory for melodies},
  journal = 	 {Psychological Review},
  year = 	 1978,
  volume =	 85,
  number =	 4,
  pages =	 {341--354}
}

@MastersThesis{l96,
  author = 	 {Adam T. Lindsay},
  title = 	 {Using contour as a mid-level representation of melody},
  school = 	 {MIT Media Lab},
  year = 	 1996
}

@Article{ftrkp04,
  author = 	 {T. Fujioka and L. J. Trainor and B. Ross
                  and R. Kakigi and C. Pantev},
  title = 	 {Musical Training Enhances Automatic Encoding of Melodic Contour and Interval Structure},
  journal = 	 {Journal of Cognitive Neuroscience},
  year = 	 2004
}

@InProceedings{kcgv00,
  author = 	 {Y. E. Kim and W. Chai and R. Garcia and B. Vercoe},
  title = 	 {Analysis of a Contour-Based Representation for Melody},
  booktitle =	 {Proceedings of International Symposium on Music Information Retrieval},
  year =	 2000,
  url =          {http://ciir.cs.umass.edu/music2000/}
}

@InProceedings{t04,
  author = 	 {G. T. Toussaint},
  title = 	 {Computational geometric aspects of musical rhythm},
  booktitle =	 {Abstracts of the 14th Annual Fall Workshop on Computational Geometry},
  pages =	 {47--48},
  year =	 2004,
  organization = {Massachussetts Institute of Technology}
}

@InProceedings{t03a,
  author = 	 {G. T. Toussaint},
  title = 	 {Algorithmic, geometric, and combinatorial problems in computational music theory},
  booktitle =	 {Proceedings of X Encuentros de Geometria Computacional},
  pages =	 {101-107},
  year =	 2003,
  organization = {University of Sevilla}
}

@InProceedings{t03b,
  author = 	 {G. T. Toussaint},
  title = 	 {Classification and phylogenetic analysis of {A}frican ternary rhythm timelines},
  booktitle =	 {Proceedings of BRIDGES: Mathematical Connections in Art, Music, and Science},
  pages =	 {25--36},
  year =	 2003,
  organization = {University of Granada}
}

@InProceedings{dfgrt04,
  author = 	 {M. Diaz-Banez and G. Farigu and F. Gomez and D. Rappaport and G. T. Toussaint},
  title = 	 {El compas flamenco: A phylogenetic analysis},
  booktitle =	 {Proceedings of BRIDGES: Mathematical Connections in Art, Music, and Science},
  pages =	 {61--70},
  year =	 2004,
  organization = {Southwestern College}
}

@InProceedings{t02,
  author = 	 {G. T. Toussaint},
  title = 	 {A mathematical analysis of {A}frican, {B}razilian, and {C}uban clave rhythms},
  booktitle =	 {Proceedings of BRIDGES: Mathematical Connections in Art, Music and Science},
  pages =	 {157-168},
  year =	 2002,
  organization = {Townson University}
}

