@comment{===================}
@comment{JOURNAL STRINGS}
@comment{===================}
@string{as = {The Annals of Statistics}}
@string{cgta = {Computational Geometry: Theory and Applications}}
@string{dcg = {Discrete and Computational Geometry}}
@string{ipl = {Information Processing Letters}}
@string{itit = {IEEE Transactions on Information Theory}}
@string{ja = {Journal of Algorithms}}
@string{jas = {Journal of Applied Statistics}}
@string{sjc = {SIAM Journal on Computing}}
@string{ss = {Statistica Sinica}}
@comment{===================}

@comment{===================}
@comment{CONFERENCE STRINGS}
@comment{===================}
@string{focs1997 = {Proceedings of the 38th Annual Symposium on Foundations of Computer Science (FOCS~1997)}}
@string{socg1999 = {Proceedings of the 15th Annual Symposium on Computational Geometry (SOCG~1999)}}
@string{socg2000 = {Proceedings of the 16th Annual Symposium on Computational Geometry (SOCG~2000)}}
@string{soda2001 = {Proceedings of the 12th Annual ACM-SIAM Symposium on Discrete Algorithms (SODA~2001)}}
@string{soda2002 = {Proceedings of the 13th Annual ACM-SIAM Symposium on Discrete Algorithms (SODA~2002)}}
@string{stacs2003 = {Proceedings of the 20th Annual Symposium on Theoretical Aspects of Computer Science (STACS~2003)}}
@string{cccg2004 = {Proceedings of the 16th Canadian Conference on Computational Geometry (CCCG~2004)}}
@string{soda2004 = {Proceedings of the 15th Annual ACM-SIAM Symposium on Discrete Algorithms (SODA~2004)}}
@comment{===================}

@comment{===================}
@comment{TECHNICAL REPORTS}
@comment{===================}

@techreport{a_lower_bound_for_computing_oja_depth,
author = "G.~Aloupis and E.~McLeish",
title = "A lower bound for computing {O}ja depth",
institution = "School of Computer Science, McGill University, Montreal, Canada",
year = "2004",
type = "Manuscript",
}
@comment{correct}

@techreport{ham_sandwich_cuts_and_other_tasks_in_arrangements,
author={S.~Langerman and W.~Steiger},
title={Ham-Sandwich Cuts and Other Tasks in Arrangements},
year={2001},
type={Tehnical {R}eport}
}
@comment{correct, but not included in thesis}

@techreport{on_algorithms_for_simplicial_depth,
author = "A.~Cheng and M.~Ouyang",
title = "On algorithms for simplicial depth",
institution = "Department of Computer Science, Rutgers University",
year = "1998",
type = "Technical {R}eport dcs-tr-368",
}
@comment{correct}

@techreport{on_the_computation_of_the_bivariate_median_and_a_fermat_torricelli_problem,
author = "G.~Aloupis and M.~Soss and G.~Toussaint",
title = "On the computation of the bivariate median and a {F}ermat-{T}orricelli problem",
institution = "School of Computer Science, McGill University, Montreal, Canada",
year = "2001",
type = "Technical {R}eport {SOCS-01.2}",
month = "February"
}
@comment{correct}

@techreport{remarks_on_klevel_algorithms_in_the_plane,
author = "T.~Chan",
title = "Remarks on $k$-Level {A}lgorithms in the {P}lane",
institution = "Department of Computer Science, University of Waterloo, Waterloo, Canada",
year = "1999",
type = "Manuscript",
month = "July 7"
}
@comment{correct}

@comment{===================}

@comment{===================}
@comment{JOURNAL ARTICLES}
@comment{===================}

@article{algorithms_for_bivariate_medians_and_a_fermat_torricelli_problem_for_lines,
author = {G.~Aloupis and S.~Langerman and M.~Soss and G.~Toussaint},
title = {Algorithms for bivariate medians and a {F}ermat-{T}orricelli problem for lines},
journal = cgta,
volume = {26},
number = {1},
month={August},
year = {2003},
issn = {0925-7721},
pages = {69--79},
doi = {http://dx.doi.org/10.1016/S0925-7721(02)00173-6},
publisher = {Elsevier Science Publishers B. V.},
}
@comment{correct}

@article{algorithms_for_ham_sandwich_cuts,
author={C.-Y.~Lo and J.~Matousek and W.~Steiger},
title={Algorithms for Ham-sandwich Cuts},
journal=dcg,
year={1994},
volume={11},
pages={433--452}
}
@comment{correct}

@article{computing_the_centerpoint_of_a_finite_planar_set_of_points_in_linear_time,
author = {S~Jadhav and A.~Mukhopadhyay},
title = {Computing a {C}enterpoint of a {F}inite {P}lanar {S}et of {P}oints in {L}inear {T}ime},
journal = dcg,
year = {1994},
pages = {291--312},
volume={12}
}
@comment{correct}

@article{constructing_the_bivariate_tukey_median,
author={P.~J.~Rousseeuw and I.~Ruts},
title={Constructing the bivariate {T}ukey median},
journal=ss,
month={July},
year={1998},
volume={8},
number={3},
pages={827--839},
}
@comment{correct}

@article{geometric_applications_of_a_randomized_optimization_technique,
title = {Geometric applications of a randomized optimization technique},
author = {T.~Chan},
journal = dcg,
volume = {22},
number = {4},
pages = {547--567},
month = {December},
year = {1999}}
@comment{correct}

@article{multivariate_analysis_by_data_depth,
author={R.~Liu and J.~M.~Parelius and K.~Singh},
title={Multivariate analysis by data depth: Descriptive statistics, graphics and inference},
journal=as,
year={1999},
volume={27},
number={3},
pages={783--858},
month={June}
}
@comment{correct}

@article{on_a_triangle_counting_problem,
author = {S.~Khuller and J.~S.~B.~Mitchell},
title = {On a {T}riangle {C}ounting {P}roblem},
journal = ipl,
volume = {33},
number = {6},
month={February},
year = {1990},
issn = {0020-0190},
pages = {319--321},
doi = {http://dx.doi.org/10.1016/0020-0190(90)90217-L},
publisher = {Elsevier North-Holland, Inc.},
}
@comment{correct}

@article{on_khulls_and_related_problems,
title = {{On $k$-hulls and {R}elated {P}roblems}},
author = {R.~Cole and M.~Sharir and C.~K.~Yap},
keywords = {k-sets},
journal = sjc,
volume = {16},
number={1},
pages = {61--77},
year = {1987},
month={February}
}
@comment{correct}

@article{on_the_convex_layers_of_a_planar_set,
author={B.~Chazelle},
title={On the convex layers of a planar set},
journal=itit,
month={July},
year={1985},
volume={IT-31},
number={4},
pages={509--517},
}
@comment{correct}

@article{optimal_search_in_planar_subdivisions,
author={D.~G.~Kirkpatrick},
title={Optimal search in planar subdivisions},
journal=sjc,
year={1983},
volume={12},
number={1},
pages={28--35},
month={February},
}
@comment{correct}

@article{partitioning_with_two_lines_in_the_plane,
author={N.~Megiddo},
title={Partitioning with two lines in the plane},
journal=ja,
year={1985},
month={September},
volume={6},
number={3},
pages={430--433}
}
@comment{correct}

@article{regression_depth_and_center_points,
author = "N.~Amenta and M.~Bern and D.~Eppstein and S.~Teng",
title = "Regression Depth and Center Points",
journal = dcg,
volume = "23",
number="3",
pages="305--323",
month="March",
year = "2000",
}
@comment{correct}

@article{statistical_algorithms_the_oja_bivariate_median,
author =       "A.~Niinimaa and H.~Oja and J.~Nyblom",
title =        "Statistical {A}lgorithms: {Algorithm AS 277}: {T}he {O}ja {B}ivariate {M}edian",
journal =      jas,
volume =       "41",
number =       "3",
pages =        "611--617",
year =         "1992",
CODEN =        "APSTAG",
ISSN =         "0035-9254",
bibdate =      "Sat Apr 21 10:26:28 MDT 2001",
bibsource =    "JSTOR database",
acknowledgement = ack-nhfb,
}
@comment{correct, doubtful volume#}

@article{the_complexity_of_hyperplane_depth_in_the_plane,
author =       {S.~Langerman and W.~Steiger},
title =        {The {C}omplexity of {H}yperplane {D}epth in the {P}lane},
journal =      dcg,
volume =       {30},
number =       {2},
pages =        {299--309},
month =        {August},
year =         {2003}
}
@comment{correct}

@comment{===================}

@comment{===================}
@comment{CONFERENCE PROCEEDINGS}
@comment{===================}

@inproceedings{algorithms_for_bivariate_zonoid_depth,
author = {H.~Gopala and P.~Morin},
title = {Algorithms for {B}ivariate {Z}onoid {D}epth},
booktitle = cccg2004,
year = {2004},
pages={132--135},
month={August},
}
@comment{correct}

@inproceedings{an_improved_bound_for_ksets_in_three_dimensions,
author = {M.~Sharir and S.~Smorodinsky and G.~Tardos},
title = {An improved bound for k-sets in three dimensions},
booktitle = socg2000,
month={June},
year = {2000},
pages = {43--49},
publisher = {ACM Press},
}
@comment{correct}

@inproceedings{an_optimized_randomized_algorithm_for_maximum_tukey_depth,
title = {An optimal randomized algorithm for maximum {T}ukey depth},
author = {T.~Chan},
booktitle = soda2004,
publisher = {SIAM},
pages = {430--436},
month = {January},
year = {2004}
}
@comment{correct}

@inproceedings{efficient_algorithms_for_maximum_regression_depth,
author = "M.~van Kreveld and J.~S.~B.~Mitchell and P.~Rousseeuw and M.~Sharir and J.~Snoeyink and B.~Speckmann",
title = "Efficient Algorithms for Maximum Regression Depth",
booktitle = socg1999,
publisher = "ACM",
pages = "31-40",
month={June},
year = "1999"
}
@comment{correct}

@inproceedings{fast_implementation_of_depth_contours_using_topological_sweep,
author = {K.~Miller and S.~Ramaswami and P.~Rousseeuw and T.~Sellar\`{e}s and D.~Souvaine and I.~Streinu and A.~Struyf},
title = {Fast implementation of depth contours using topological sweep},
booktitle = soda2001,
month={January},
year = {2001},
pages = {690--699},
publisher = {SIAM},
}
@comment{correct}

@inproceedings{hardware_assisted_computation_of_depth_contours,
author = {S.~Krishnan and N.~H.~Mustafa and S.~Venkatasubramanian},
title = {Hardware-assisted computation of depth contours},
booktitle = soda2002,
year = {2002},
pages = {558--567},
publisher = {SIAM},
}
@comment{correct, but not included in the thesis}

@inproceedings{improved_bounds_on_planar_ksets_and_klevels,
author = {T.~K.~Dey},
title = {Improved bounds on planar k-sets and k-levels},
booktitle = focs1997,
month={October},
year = {1997},
isbn = {0-8186-8197-7},
pages = {156--161},
publisher = {IEEE Computer Society},
}
@comment{correct}

@inproceedings{optimization_in_arrangements,
title = {Optimization in arrangements},
author = {S.~Langerman and W.~Steiger},
booktitle = stacs2003,
editor = {H.~Alt and M.~Habib},
series = {Lecture Notes in Computer Science},
publisher = {Springer-Verlag},
pages = {50--61},
month={February},
year = {2003}
}
@comment{correct}

@inproceedings{some_new_algorithms_and_software_implementation_methods_for_pattern_recognition_research,
author={G.~T.~Toussaint and R.~S.~Poulsen},
title={Some new algorithms and software implementation methods for pattern recognition research},
booktitle={Proceedings of the {IEEE} {I}nternational {C}omputer {S}oftware {A}pplications {C}onference},
year={1979},
pages={55-63},
}
@comment{probably correct}

@inproceedings{zonoid_data_depth_theory_and_computation,
author = {R.~Dyckerhoff and G.~Koshevoy and K.~Mosler},
title = {Zonoid Data Depth: Theory and Computation},
booktitle = {COMPSTAT 1996 - {P}roceedings in {C}omputational {S}tatistics},
editor = {A.~Prat},
publisher={Physica-Verlag, Heidelberg},
month={August},
year = {1996},
pages = {235--240}
}
@comment{correct}

@comment{===================}

@comment{===================}
@comment{BOOKS}
@comment{===================}

@book{cg_text,
AUTHOR={M.~de Berg and M.~van Kreveld and M.~Overmars and O.~Schwartzkopf},
TITLE={Computational Geometry: Algorithms and Applications},
YEAR={1997},
PUBLISHER= {Springer-Verlag},
address={Berlin}
}
@comment{correct}

@book{edelsbrunner_book,
author={H.~Edelsbrunner},
title={Algorithms in combinatorial geometry},
year={1987},
isbn={0-387-13722-X},
publisher={Springer-Verlag New York, Inc.}
}
@comment{correct}

@book{mosler_book,
author = "K.~Mosler",
title = "Multivariate Dispersion, Central Regions and Depth. The Lift Zonoid Approach",
publisher = "Springer-Verlag New York, Inc",
year = "2002",
volume = "165",
series = "Lecture {N}otes in {S}tatistics"
}
@comment{correct}

@book{preparata_book,
author={F.~P.~Preparata and M.~I.~Shamos},
title={Computational {G}eometry: {A}n {I}ntroduction},
year={1985},
publisher={Springer-Verlag}
}
@comment{correct}

@comment{===================}

@comment{===================}
@comment{MISCELLANEOUS}
@comment{===================}

@mastersthesis{aloupis_mcs_thesis,
author = "G.~Aloupis",
title = "On computing geometric estimators of location",
school="School of Computer Science, McGill University, Montreal, Canada",
month="March",
year = "2001",
url = "citeseer.ist.psu.edu/aloupis01computing.html" 
}
@comment{correct}

@incollection{computing_the_center_of_planar_point_sets,
author =      "J.~Matou{\v s}ek",
title =       "Computing the {C}enter of {P}lanar {P}oint {S}ets",
editor =      "J.~E.~Goodman and R.~Pollack and W.~Steiger",
booktitle =   "Computational Geometry: papers from the DIMACS special year",
publisher =   "American Mathematical Society",
address =     "Providence",
year =        "1991",
pages =       "221--230",
volume =      "6",
}
@comment{correct}

@misc{data_depth_website,
author={E.~Rafalin},
title="Computational {G}eometry at {T}ufts - {D}ata {D}epth",
howpublished={Internet website},
note={\url{http://www.cs.tufts.edu/research/geometry/data_depth/}}
}
@comment{correct, but not included in thesis}

@incollection{dissection_graphs_of_planar_point_sets,
title = {Dissection graphs of planar point sets},
author = {P.~Erd{\"o}s and L.~Lov{\'a}sz and A.~Simmons and E.~G.~Straus},
keywords = {k-sets},
booktitle = {A {S}urvey of {C}ombinatorial {T}heory},
publisher = {North-Holland},
pages = {139--149},
year = {1973}
}
@comment{correct}

@incollection{geometry_and_statistics_problems_at_the_interface,
    AUTHOR = {M.~Shamos},
     TITLE = {Geometry and statistics: problems at the interface},
 BOOKTITLE = {Proceedings of the {S}ymposium on {A}lgorithms and {C}omplexity, {C}arnegie-{M}ellon {U}niversity, {P}ittsburgh, {PA}.},
     PAGES = {251--280},
 PUBLISHER = {Academic Press},
   ADDRESS = {New York},
      YEAR = {1976}
}
@comment{probably correct, hard to find any biblio anywhere online}

@phdthesis{langerman_phd_thesis,
author =       {S.~Langerman},
title =        {Algorithms and {D}ata {S}tructures in {C}omputational {G}eometry},
school =       {Department of Computer Science, Rutgers University, New Brusnwick},
month =        {May},
year =         {2001}, 
}
@comment{correct}
@comment{===================}

@inproceedings{bern-eppstein-01,
    author = "Marshall W. Bern and David Eppstein",
    title = "Optimization over Zonotopes and Training Support Vector Machines",
    booktitle = "Workshop on Algorithms and Data Structures",
    pages = "111-121",
    year = "2001",
    url = "citeseer.nj.nec.com/bern01optimization.html" 
}


@Article{k79,
  author = 	 {L. G. Khachiyan},
  title = 	 {A Polynomial Time Algorithm for Linear Programming},
  journal = 	 {Soviet Mathematics Doklady},
  year = 	 1979,
  volume =	 20,
  pages =	 {1092--1096}
}

