@Article{st86,
  author =	 {N. Sarnak and R. E. Tarjan},
  title =	 {Planar Point Location Using Persistent Search Trees},
  journal =	 {Communications of the ACM},
  year =	 1986,
  volume =	 29,
  number =	 7,
  pages =	 {669--679}
}


@Article{bfprt73,
  author =	 {M. Blum and R. W. Floyd and V. Pratt and R. L. Rivest and R. E. Tarjan},
  title =	 {Time Bounds for Selection},
  journal =	 {Journal of Computer and System Sciences},
  year =	 1973,
  volume =	 7,
  number =	 4,
  pages =	 {448--461}
}


@techreport{as87,
  author =	 {N. Alon and B. Schieber},
  title =	 {Optimal Preprocessing for Answering On-line Product Queries},
  institution =	 {Tel-Aviv University},
  number =       {71/87},         
  year =	 1987
}



@InProceedings{ams96,
  author =	 {N. Alon and Y. Matias and M. Szegedy},
  title =	 {The Space Complexity of Approximating the Frequency
                  Moments},
  booktitle =	 {Proceedings of the 28th ACM Symposium on the Theory
                  of Computing (STOCS'96)},
  pages =	 {20--29},
  year =	 1996
}


@InProceedings{kms03,
  author =	 {D. Krizanc and P. Morin and M. Smid},
  title =	 {Range mode and range median queries on lists and trees},
  booktitle =	 {Proceedings of the 14th Annual International Symposium on 
                  Algorithms and Computation (ISAAC 2003)},
  pages =	 {},
  year =	 2003
}


@InProceedings{dlm02,
  author = {E. D. Demaine and A. L\'{o}pex-Ortiz and J. I. Munro},
  title = {Frequency Estimation of Internet Packet Streams with Limited Space},
  booktitle = {Proceedings of the 10th Annual European Symposium on Algorithms},
  year = 2002,
  pages = {348--360},
}


@InProceedings{yao82,
  author = {A. C. Yao},
  title = {Space-Time Tradeoff for Answering Range Queries},
  booktitle = {Proceedings of the 14th annual ACM Symposium on the Theory of Computing},
  year = 1982,
  pages = {128--136},
}


@Article{dsst89,
  author = {J. R. Driscoll and N. Sarnak and D. D. Sleator and R. E. Tarjan},
  title = {Making Data Structures Persistent},
  journal =	 {Journal of Computer and System Sciences},
  year =	 1989,
  volume =	 38,
  number =	 1,
  pages =	 {86--124}
}
@InProceedings{mrl98,
  author = {G. S. Manku and S. Rajagopalan and B. Lindsay},
  title = {Approximate Median and other Quantiles in One Pass and with Limited Memory},
  booktitle = {Proceedings of the 1998 ACM SIGMOD International Conference on Management of Data},
  year = 1998,
  pages = {426--435},
}

@InProceedings{bccch00,
  author = {S. Battiato and D. Cantone and D. Catalano and G. Cincotti and M. Hofri},
  title = {An Efficient ALgorithm for the Approximate Median Selection Problem},
  booktitle = {Proceedings of the Fourth Italian Conference},
  year = 2000,
  pages = {},
}


@InProceedings{am04,
  author = {A. Arasu and G. S. Manku},
  title = {Approximate counts and quantiles over sliding windows},
  booktitle = {Proceedings of the ACM Symposium on Principles of Database Systems (PODS) },
  year = 2004,
  pages = {},
}


@InProceedings{llxy04,
  author = {X. Lin and H. Liu and J. Xu and J. X. Yu},
  title = {Continuously maintaining quantile summaries of the 
most recent N elements over a data stream},
  booktitle = {Proceedings of the 20th International Conference on Data Engineering},
  year = 2004,
  pages = {},
}

@Article{mp80,
  author = {J. I. Munro and M. S. Paterson},
  title = {Selection and sorting with limited storage},
  journal =	 {Theoretical Computer Sciences},
  year =	 1980,
  volume =	 12,
  pages =	 {315--323}
}

@InProceedings{ars97,
  author = {K. Alsabti and S. Ranka and V. Singh},
  title = {A one-pass algorithm for accurately estimating
quantiles for disk-resident data},
  booktitle = {Proceedings of the International Conference on 
               Very Large Databases(VLDB)},
  year = 1997,
  pages = {},
}

@Article{dz99,
  author = {D. Dor and U. Zwick},
  title = {Selecting the median},
  journal =	 {SIAM Journal of Computing},
  year =	 1999,
  volume =	 28,
  number = 5,
  pages =	 {1722--1758}
}


@Article{fr75,
  author = {R. W. Floyd and R. L. Rivest},
  title = {Expected time bound for selection},
  journal =	 {Communications of the ACM},
  year =	 1975,
  volume =	 18,
  number =       3,
  pages =	 {165--172}
}

@Article{dgim02,
  author = {M. Datar and A. Gionis and P. Indyk and R. Motwani},
  title = {Maintaining stream statistics over sliding windows},
  journal =	 {SIAM Journal of Computing},
  year =	 2002,
  volume =	 31,
  number =       6,
  pages =	 {1794--1813}
}

@Article{dl79,
  author = {D. Dobkin and R. Lipton},
  title = {On the complexity of computation under varying sets of primitives},
  journal =	 {Journal of Computer and System Sciences},
  year =	 1979,
  volume =	 18,
  pages =	 {86--91}
}

@InProceedings{o83,
  author = {M. Ben-Or},
  title = {Lower bounds for algebraic computation trees},
  booktitle = {Proceedings of the 15th annual ACM Symposium on the Theory of Computing},
  year = 1983,
  pages = {80--86},
}

@Article{gt85,
  author = {H. N. Gabow and R. E. Tarjan},
  title = {A linear-time algorithm for a special case of disjoint set union},
  journal =	 {Journal of Computer and System Sciences},
  year =	 1985,
  volume =	 30,
  number =       2,
  pages =	 {209--221}
}
