

@String{cgta = {Computational Geometry: Theory and Applications}}
@String{dcg = {Discrete {\&} Computational Geometry}}

@Article{ams91,
  author =	 "P. K. Agarwal and J. Matou\v{s}ek and S. Suri",
  title =	 "Farthest neighbors, maximum spanning trees, and
                  related problems in higher dimensions",
  journal =	 cgta,
  volume =	 "4",
  year =	 "1992",
  pages =	 "189--201",
}

@InProceedings{as-vdco-95,
  author =	 "H. Alt and O. Schwarzkopf",
  title =	 "The {Voronoi} diagram of curved objects",
  booktitle =	 "Proceedings of the 11th Annual ACM Symposium on
                  Computational Geometry",
  pages =	 "89--97",
  year =	 "1995",
}

@Article{b02,
  author =	 {S. Bespamyatnikh},
  title =	 {Packing two disks in a Polygon},
  journal =	 cgta,
  volume =	 {23},
  number =	 {1},
  pages =	 {31--42},
  year =	 {2002}
}

@InProceedings{bckm98,
  author =	 {P. Bose and J. Czyzowicz and E. Kranakis and
                  A. Maheshwari},
  title =	 {Algorithms for Packing Two Circles in a Convex
                  Polygon},
  booktitle =	 {Proceedings of Japan Conference on Discrete and
                  Computational Geometry (JCDCG '98)},
  pages =	 {93--103},
  year =	 1998
}

@InProceedings{bddlt98,
  author =	 {T. C. Biedl and E. D. Demaine and M. L. Demaine and
                  A. Lubiw and G. T. Toussaint},
  title =	 {Hiding disks in folded polygons},
  booktitle =	 {Proceedings of the 10th Canadian Conference on
                  Computational Geometry (CCCG'98)},
  year =	 1998
}

@Article{bks00,
  author =	 "Boaz Ben-Moshe and Matthew J. Katz and Michael
                  Segal",
  title =	 "Obnoxious Facility Location: Complete Service with
                  Minimal Harm",
  journal =	 "International Journal of Computational Geometry and
                  Applications",
  pages =	 "581--592",
  year =	 2000,
}

@InProceedings{cs88,
  author =	 "K. L. Clarkson and P. W. Shor",
  title =	 "Algorithms for Diametral Pairs and Convex Hulls that
                  Are Optimal, Randomized, and Incremental",
  year =	 "1988",
  booktitle =	 "Proceedings of the Fourth Annual ACM Symposium on
                  Computational Geometry (SoCG'88)",
  pages =	 "12--17",
}

@Article{csw99,
  author =	 "F. Chin and J. Snoeyink and C. A. Wang",
  title =	 "Finding the Medial Axis of a Simple Polygon in
                  Linear Time",
  journal =	 dcg,
  volume =	 "21",
  pages =        "405--420",
  year =	 "1999",
}

@InProceedings{kks02,
  author =	 "M. J. Katz and K. Kedem and M. Segal",
  title =	 "Improved Algorithms for Placing Undesirable
                  Facilities",
  journal =      "Computers and Operations Research",
  volume =       "29",
  pages =        "1859--1872",
  year =	 2002,
  booktitle =	 {Proceedings of the 11th Canadian Conference on
                  Computational Geometry (CCCG'99)},
}

@Article{ks00,
  author =	 {S. K. Kim and C.-S. Shin},
  title =	 {Placing two disks in a convex polygon},
  journal =	 {Information Processing Letters},
  year =	 2000,
  volume =	 73
}

@Article{m83,
  author =	 {N. Megiddo},
  title =	 {Applying parallel computation algorithms to the
                  design of serial algorithms},
  journal =	 {Journal of the ACM},
  year =	 1983,
  volume =	 30,
  pages =	 {852--865}
}

@Book{ps85,
  author =	 {F. P. Preparata and M. I. Shamos},
  title =	 {Computational Geometry},
  publisher =	 {Springer-Verlag},
  year =	 1985,
  address =	 {New York}
}

