@Book{a76,
  author =	 {George E. Andrews},
  title =	 {The Theory of Partitions},
  publisher =	 {Addison-Wesley},
  year =	 1976
}

@InProceedings{ap98,
  author =	 {P. K. Agarwal and C. M. Procopiuc},
  title =	 {Exact and approximation algorithms for clustering},
  booktitle =	 {Proceedings of the 9th ACM-SIAM Symposium on
                  Discrete Algorithms (SODA 1998)},
  pages =	 {658--667},
  year =	 1998
}

@InProceedings{bhn01,
  author =	 {B. Brod\'en and M. Hammar and B. J. Nilsson},
  title =	 {Guarding lines and 2-link polygons is {APX}-hard},
  booktitle =	 {Proceedings of the 13th Canadian Conference on
                  Computational Geometry},
  pages =	 {45--48},
  year =	 2001
}

@Article{ckj01,
  author =	 {J. Chen and I. Kanj and W. Jia},
  title =	 {Vertex cover: further observations and further
                  improvements},
  journal =	 {Journal of Algorithms},
  year =	 2001,
  volume =	 41,
  pages =	 {280--301}
}

@Article{cm96,
  title =	 "On Linear-Time Deterministic Algorithms for
                  Optimization Problems in Fixed Dimension",
  author =	 "B. Chazelle and J. Matou{\v{s}}ek",
  pages =	 "579--597",
  journal =	 "Journal of Algorithms",
  year =	 "1996",
  month =	 nov,
  volume =	 "21",
  number =	 "3",
}

@article{d-ltatt-84,
  author =	 "M. E. Dyer",
  title =	 "Linear time algorithms for two- and three-variable
                  linear programs",
  journal =	 "SIAM J. Comput.",
  volume =	 13,
  year =	 1984,
  pages =	 "31--45",
  keywords =	 "linear programming"
}

@Book{df99,
  author =	 "R. G. Downey and M. R. Fellows",
  title =	 "Parameterized Complexity",
  publisher =	 "Springer",
  year =	 "1999",
}

@Book{e48,
  author =	 {Leonhardo Eulero},
  title =	 {Introductio in Analysin Infinitorum},
  publisher =	 {Tomus Primus},
  year =	 1748,
  address =	 {Lausanne}
}

@article{gor96,
  author =	 "L. J. Guibas and M. H. Overmars and J.-M. Robert",
  title =	 "The exact fitting problem for points",
  journal =	 "Computational Geometry: Theory and Applications",
  volume =	 6,
  year =	 1996,
  pages =	 "215--230"
}

@Article{hm91,
  author =	 {R. Hassin and N. Megiddo},
  title =	 {Approximation algorithms for hitting objects by
                  straight lines},
  journal =	 {Discrete Applied Mathematics},
  year =	 1991,
  volume =	 30,
  pages =	 {29--42}
}

@Article{hw87,
  author =	 "D. Haussler and E. Welzl",
  title =	 "{$\varepsilon$-Nets and Simplex Range Queries}",
  journal =	 "Discrete Computational Geometry",
  volume =	 "2",
  pages =	 "127--151",
  year =	 "1987",
}

@Article{j74,
  author =	 {D. S. Johnson},
  title =	 {Approximation Algorithms for Combinatorial Problems},
  journal =	 {Journal of Computer Systems Sciences},
  year =	 1974,
  volume =	 9,
  pages =	 {256--278}
}

@InBook{k72,
  key =		 "Karp",
  author =	 "R. M. Karp",
  title =	 "Reducibility Among Combinatorial Problems",
  booktitle =	 "Complexity of Computer Computations",
  publisher =	 "Plenum Press",
  year =	 "1972",
  pages =	 "85--103",
}

@InProceedings{kar00,
  author =	 {V. S. A. Kumar and S. Arya and H. Ramesh},
  title =	 {Hardness of set cover with intersection 1},
  booktitle =	 {Proceedings of the 27th International Colloquium on
                  Automata, Languages and Programming},
  pages =	 {624--635},
  year =	 2000
}

@article{m-lpltw-84,
  author =	 "N. Megiddo",
  title =	 "Linear programming in linear time when the dimension
                  is fixed",
  journal =	 "J. ACM",
  volume =	 31,
  year =	 1984,
  pages =	 "114--127",
}

@article{m-ltalp-83,
  author =	 "N. Megiddo",
  title =	 "Linear-time algorithms for linear programming in
                  {$R^{3}$} and related problems",
  journal =	 "SIAM J. Comput.",
  volume =	 12,
  year =	 1983,
  pages =	 "759--776",
}

@Article{m95,
  title =	 "Approximations and Optimal Geometric
                  Divide-and-Conquer",
  author =	 "J. Matou{\v{s}}ek",
  pages =	 "203--208",
  journal =	 "Journal of Computer and System Sciences",
  year =	 "1995",
  month =	 apr,
  volume =	 "50",
  number =	 "2",
}

@article{mp-fitcp-78,
  author =	 "D. E. Muller and F. P. Preparata",
  title =	 "Finding the intersection of two convex polyhedra",
  journal =	 "Theoret. Comput. Sci.",
  volume =	 7,
  year =	 1978,
  pages =	 "217--236"
}

@Article{msw96,
  author =	 {J. Matou\v{s}ek and M. Sharir and E. Welzl},
  title =	 {A Subexponential Bound for Linear Programming},
  journal =	 {Algorithmica},
  year =	 1996,
  volume =	 16,
  pages =	 {498--516}
}

@Article{mt82,
  author =	 {N. Megiddo and A. Tamir},
  title =	 {On the complexity of locating linear facilities in
                  the plane},
  journal =	 {Operations Research Letters},
  year =	 1982,
  volume =	 1,
  pages =	 {194--197}
}

@InProceedings{mt97,
  author =	 {C. Makris and A. Tsakalidis},
  title =	 {Fast Piercing of Iso-Oriented Rectangles},
  booktitle =	 {Proceedings of the 9th Canadian Conference on
                  Computational Geeometry},
  pages =	 {217--222},
  year =	 1997
}

@InProceedings{n97,
  author =	 "D. Nussbaum",
  title =	 "Rectilinear $p$-piercing problems",
  booktitle =	 "{ISSAC} '97. Proceedings of the 1997 International
                  Symposium on Symbolic and Algebraic Computation,
                  July 21--23, 1997, Maui, Hawaii",
  pages =	 "316--323",
  year =	 "1997",
}

@Book{ps85,
  author =	 {Franco P. Preparata and Michael Ian Shamos},
  title =	 {Computational Geometry: An Introduction},
  publisher =	 {Springer-Verlag},
  year =	 1985
}

@phdthesis{s-cg-78,
  author =	 "M. I. Shamos",
  title =	 "Computational Geometry",
  type =	 "Ph.{D}. Thesis",
  school =	 "Dept. Comput. Sci., Yale Univ.",
  address =	 "New Haven, CT",
  year =	 1978,
}

@Article{s99,
  author =	 {M. Segal},
  title =	 {On Piercing of Axis-Parallel Rectangle and Rings},
  journal =	 {International Journal of Computational Geometry and
                  Applications},
  year =	 1999,
  volume =	 9,
  number =	 3,
  pages =	 {219--233}
}

@TechReport{sf99,
  author =	 {U. Stege and M. Fellows},
  title =	 {An improved fixed-parameter-tractable algorithm for
                  vertex cover},
  institution =	 {Department of Computer Science, ETH Z{\"u}rich},
  year =	 1999
}

@InProceedings{sw96,
  author =	 "M. Sharir and E. Welzl",
  title =	 "Rectilinear and Polygonal p-Piercing and p-Center
                  Problems",
  pages =	 "122--132",
  booktitle =	 "Proceedings of the Twelfth Annual Symposium On
                  Computational Geometry ({ISG} '96)",
  year =	 "1996",
}

@Article{vc71,
  author =	 {V. N. Vapnik and A. Y. A. Chervonenkis},
  title =	 {On the uniform convergence of relative frequencies
                  of events to their probabilities},
  journal =	 {Theory of Probability and its Applications},
  year =	 1971,
  pages =	 "264--280",
  volume =	 16
}

