@STRING{adm	= {Annals of Discrete Mathematics} }
@STRING{algorithmica={Algorithmica} }
@STRING{combinatorica={Combinatorica} }
@STRING{cpc	= "Combinatorics, Probability and Computing" }
@STRING{dcg	= {Discrete {\&} Computational Geometry} }
@STRING{dmtcs	= "Discrete Mathematics and Theoretical Computer Science" }
@STRING{ejc	= "Electronic Journal of Combinatorics" }
@STRING{jalg	= {Journal of Algorithms} }
@STRING{jgaa	= "Journal of Graph Algorithms and Applications" }
@STRING{lncs	= "Lecture Notes in Computer Science" }
@STRING{siap	= {SIAM Journal on Applied Mathematics} }
@STRING{sicomp	= "SIAM Journal on Computing" }

@Book{            bach.shallit:algorithmic,
  author        = {E. Bach and J. Shallit},
  title         = {Algorithmic Number Theory (Vol I: Efficient Algorithms)},
  publisher     = {MIT Press},
  year          = {1996}
}
  
@Book{		  aigner.ziegler:proofs,
  author	= {M. Aigner and G. M. Ziegler},
  title		= {Proofs from THE BOOK},
  year		= 1999,
  publisher	= {Springer}
}

@Article{	  ajtai.chvatal.ea:crossing-free,
  author	= {M. Ajtai and V. Chv\'atal and M. M. Newborn and E.
		  Szemer\'edi},
  title		= {Crossing-free subgraphs},
  journal	= adm,
  volume	= 12,
  year		= 1982,
  pages		= {9--12}
}

@Article{	  barat.matousek.ea:bounded-degree,
  title		= {Bounded-Degree Graphs have Arbitrarily Large Geometric
		  Thickness},
  author	= {J. B\'arat and J. Matou{\v{s}}ek and D. R. Wood},
  journal	= ejc,
  volume	= 13,
  pages		= {R3:1--14},
  year		= {2006}
}

@InProceedings{	  battista.frati.ea:on,
  author	= {Di Battista, G. and Frati, F. and Pach, J.},
  booktitle	= {Proceedings of the 51st Annual IEEE Symposium on
		  Foundations of Computer Science (FOCS2010)},
  title		= {On the Queue Number of Planar Graphs},
  year		= 2010,
  pages		= {365 -374}
}

@Article{	  bose.czyzowicz.ea:maximum,
  author	= {P. Bose and J. Czyzowicz and P. Morin and D. R. Wood},
  title		= {The maximum number of edges in a three-dimensional
		  grid-drawing},
  year		= 2004,
  journal	= jgaa,
  volume	= {8(1)},
  pages		= {21--26}
}

@InProceedings{	  bourgain.yehudayoff:monotone,
  author	= {Bourgain, J. and Yehudayoff, A.},
  title		= {Monotone expansion},
  booktitle	= {Proceedings of the 44th Symposium on Theory of Computing},
  year		= 2012,
  pages		= {1061--1078},
  publisher	= {ACM}
}

@Article{	  bukh.hubard:space,
  author	= {B. Bukh and A. Hubard},
  title		= {Space Crossing Numbers},
  journal	= cpc,
  volume	= {21},
  number	= {3},
  year		= {2012},
  pages		= {358-373}
}

@Article{	  carmi.dujmovic.ea:distinct,
  author	= {P. Carmi and V. Dujmovi\'c and P. Morin and D. R. Wood},
  title		= {Distinct Distances in Graph Drawings},
  journal	= ejc,
  volume	= 15,
  pages	= {R107:1--23},
  year		= 2008
}

@PhDThesis{	  chvatal:hypergraphs,
  author	= {V. Chv\'atal},
  title		= {Hypergraphs and Ramseyian Theorems},
  institution	= {University of Waterloo},
  school	= {University of Waterloo},
  year		= 1970
}

@Article{	  cohen.eades.ea:three-dimensional,
  author	= {R. F. Cohen and P. Eades and T. Lin and F. Ruskey},
  title		= {Three-dimensional graph drawing},
  year		= 1996,
  journal	= algorithmica,
  pages		= {199-208},
  volume	= 17,
  number	= 2
}

@Article{	  dey:improved,
  author	= {T. K. Dey},
  title		= {Improved bounds on planar $k$-sets and related problems},
  journal	= dcg,
  volume	= 19,
  year		= 1998,
  pages		= {373--382},
  update	= {98.07 agarwal}
}

@Article{	  dujmovic.morin.ea:layout,
  author	= {V. Dujmovi{\'c} and P. Morin and D. R. Wood},
  title		= {Layout of graphs with bounded tree-width},
  journal	= sicomp,
  year		= 2005,
  volume	= {34(3)},
  pages		= {553--579}
}

@Article{	  dujmovic.por.ea:track,
  author	= {V. Dujmovi{\'c} and A. P\'or and D. R. Wood},
  title		= {Track layouts of graphs,},
  journal	= dmtcs,
  year		= 2004,
  volume	= {6(2)},
  pages		= {497--522}
}

@InCollection{	  dujmovic.wood:three-dimensional,
  author	= {V. Dujmovi{\'c} and D. R. Wood},
  title		= {Three-Dimensional Grid Drawings with Sub-Quadratic
		  Volume},
  pages		= {55-66},
  crossref	= {pach:towards}
}

@Article{	  dujmovic.wood:upward,
  author	= {V. Dujmovi{\'c} and D. R. Wood},
  title		= {Upward Three-Dimensional Grid Drawings of Graphs},
  journal	= {Order},
  volume	= 23,
  year		= 2006,
  number	= 1,
  pages		= {1-20}
}

@Article{	  felsner.liotta.ea:straight-line,
  author	= {S. Felsner and G. Liotta and S. Wismath},
  title		= {Straight-line drawings on restricted integer grids in two
		  and three dimensions},
  volume	= 7,
  number	= 4,
  journal	= jgaa,
  pages		= {363--398},
  year		= 2003
}

@Book{		  hardy.wright:introduction,
  title		= {An Introduction to the Theory of Numbers},
  author	= {Hardy, G. H. and Wright, E. M.},
  isbn		= 9780198531715,
  lccn		= 99461762,
  series	= {Oxford Science Publications},
  year		= 1979,
  publisher	= {Oxford University Press}
}

@InProceedings{	  hoffmann.sharir.ea:counting,
  author	= {M. Hoffmann and M. Sharir and A. Sheffer and C. D.
		  T{\'o}th and E. Welzl},
  title		= {Counting Plane Graphs: Flippability and Its Applications},
  booktitle	= {Proceedings of the 12th Symposium on Algorithms and Data
		  Structures (WADS~2011)},
  year		= {2011},
  pages		= {524-535},
  ee		= {http://dx.doi.org/10.1007/978-3-642-22300-6_44},
  crossref	= {wads2011},
  bibsource	= {DBLP, http://dblp.uni-trier.de}
}

@Article{	  lipton.tarjan:separator,
  author	= {R. J. Lipton and R. E. Tarjan},
  title		= {A separator theorem for planar graphs},
  journal	= siap,
  volume	= 36,
  year		= 1979,
  pages		= {177--189}
}

@Article{	  malitz:graphs,
  author	= {S. M. Malitz},
  title		= {Graphs with {$E$} Edges Have Pagenumber {$O(\sqrt{E})$}},
  journal	= jalg,
  volume	= {17},
  number	= {1},
  year		= {1994},
  pages		= {71-84}
}

@Article{	  pach.palvolgyi:bounded,
  author	= {J. Pach and D. P\'alv\"olgyi},
  title		= {Bounded-degree graphs can have arbitrarily large slope
		  numbers},
  journal	= ejc,
  volume	= 13,
  pages		= {N1:1--4},
  year		= {2006}
}

@Article{	  pach.radoicic.ea:improving,
  author	= {J. Pach and R. Radoi\v{c}i{\'c} and G. Tardos and G.
		  T{\'o}th},
  title		= {Improving the Crossing Lemma by Finding More Crossings in
		  Sparse Graphs},
  journal	= dcg,
  volume	= 36,
  number	= 4,
  year		= 2006,
  pages		= {527-552},
  ee		= {http://dx.doi.org/10.1007/s00454-006-1264-9},
  bibsource	= {DBLP, http://dblp.uni-trier.de}
}

@InCollection{	  pach.thiele.ea:three-dimensional,
  author	= {J. Pach and T. Thiele and G. T\'{o}th},
  title		= {Three-dimensional grid drawings of graphs},
  booktitle	= {Advances in discrete and computational geometry},
  pages		= {251--255},
  editor	= {Bernard Chazelle and Jacob E. Goodman and Richard
		  Pollack},
  publisher	= {AMS},
  series	= {Contemporary Mathematics},
  volume	= 223,
  year		= 1999
}

@Book{		  pach:towards,
  title		= {Towards a Theory of Geometric Graphs},
  booktitle	= {Towards a Theory of Geometric Graphs},
  editor	= {J\'{a}nos Pach},
  volume	= 342,
  series	= {Contemporary Mathematics},
  publisher	= {AMS},
  year		= 2004
}

@InProceedings{	  sharir.sheffer.ea:counting,
  author	= {M. Sharir and A. Sheffer and E. Welzl},
  title		= {Counting plane graphs: perfect matchings, spanning cycles,
		  and {K}asteleyn's technique},
  booktitle	= {Symposium on Computational Geometry},
  year		= {2012},
  pages		= {189-198},
  ee		= {http://doi.acm.org/10.1145/2261250.2261277}
}

@Article{	  sharir.sheffer:counting,
  author	= {M. Sharir and A. Sheffer},
  title		= {Counting Triangulations of Planar Point Sets},
  journal	= ejc,
  volume	= 18,
  number	= 1,
  pages		= {P70:1--74},
  year		= 2011,
  ee		= {http://arxiv.org/abs/1209.0194},
  bibsource	= {DBLP, http://dblp.uni-trier.de}
}

@Article{	  sharir.sheffer:counting*1,
  author	= {M. Sharir and A. Sheffer},
  title		= {Counting Plane Graphs: Cross-Graph Charging Schemes},
  journal	= {Combinatorics, Probability and Computing},
  volume	= {22},
  year		= 2013,
  number    = {6},
  pages     = {935--954},
  ee		= {http://arxiv.org/abs/1209.0194},
  bibsource	= {DBLP, http://dblp.uni-trier.de}
}

@Article{	  sharir.welzl:on,
  author	= {M. Sharir and E. Welzl},
  title		= {On the Number of Crossing-Free Matchings, Cycles, and
		  Partitions},
  journal	= sicomp,
  volume	= 36,
  number	= 3,
  year		= 2006,
  pages		= {695-720},
  ee		= {http://dx.doi.org/10.1137/050636036}
}

@Misc{		  sheffer:numbers,
  author	= {A. Sheffer},
  title		= {Numbers of Plane Graphs},
  url		= {http://www.cs.tau.ac.il/~sheffera/counting/PlaneGraphs.html}
		  ,
  lastchecked	= {2012-12-10}
}

@Article{	  szekely:crossing,
  author	= {L. A. Sz{\'e}kely},
  title		= {Crossing Numbers and Hard {E}rd{\"o}s Problems in Discrete
		  Geometry},
  journal	= cpc,
  volume	= 6,
  number	= 3,
  year		= 1997,
  pages		= {353-358}
}

@Article{	  szemeredi.trotter:extremal,
  author	= {E. Szemer{\'e}di and W. Trotter},
  title		= {Extremal problems in discrete geometry},
  journal	= combinatorica,
  volume	= 3,
  year		= 1983,
  pages		= {381--392},
  update	= {97.11 bibrelex}
}

@Proceedings{	  wads2011,
  editor	= {Frank Dehne and John Iacono and J{\"o}rg-R{\"u}diger Sack},
  title		= {Algorithms and Data Structures - 12th International
		  Symposium, WADS 2011, New York, NY, USA, August 15-17,
		  2011. Proceedings},
  booktitle	= {WADS},
  publisher	= {Springer},
  series	= {Lecture Notes in Computer Science},
  volume	= {6844},
  year		= {2011},
  isbn		= {978-3-642-22299-3},
  ee		= {http://dx.doi.org/10.1007/978-3-642-22300-6},
  bibsource	= {DBLP, http://dblp.uni-trier.de}
}

@Article{	  wood:bounded,
  author	= {David R. Wood},
  title		= {Bounded-Degree Graphs have Arbitrarily Large
		  Queue-Number},
  journal	= {Discrete Mathematics {\&} Theoretical Computer Science},
  volume	= {10},
  number	= {1},
  pages		= {27--34},
  year		= {2008}
}
