
@String{isaac99 = {Proceedings of the 10th International Symposium on 
                   Algorithms and Computation (ISAAC'99)}}

@Unpublished{akks01,
  author =	 {P. K. Agarwal and R. Klein and C. Knauer and
                  M. Sharir},
  title =	 {Computing the Detour of Polygonal Curves},
  note =	 {Unpublished Manuscript},
  month =	 nov,
  year =	 2001
}

@InProceedings{bm01,
  author =	 {P. Bose and P. Morin},
  title =	 {Competitive Online Routing in Geometric Graphs},
  booktitle =	 {Proceedings of the VIII International Colloquium on
                  Structural Information and Communication Complexity
                  (SIROCCO 2001)},
  year =	 2001
}

@InProceedings{bm99,
  author =	 {P. Bose and P. Morin},
  title =	 {Online Routing in Triangulations},
  booktitle =	 isaac99,
  pages =	 {113--122},
  year =	 1999
}

@Article{bs80,
  title =	 "Decomposable Searching Problems. {I.}
                  {Static}-to-Dynamic Transformation",
  author =	 "J. L. Bentley and J. B. Saxe",
  pages =	 "301--358",
  journal =	 "Journal of Algorithms",
  year =	 "1980",
  volume =	 "1",
  number =	 "4",
}

@Article{c99,
  author =	 "T. M. Chan",
  year =	 "1999",
  title =	 "Geometric applications of a randomized optimization
                  technique",
  journal =	 "Discrete {\&} Computational Geometry",
  volume =	 "22",
  number =	 "4",
  pages =	 "547--567",
}

@InProceedings{e95,
  author =	 {J. Erickson},
  title =	 {On the relative complexities of some geometric
                  problems},
  booktitle =	 {Proceedings of the 7th Canadian Conference on
                  Computational Geometry},
  pages =	 {85--90},
  year =	 1995
}

@InCollection{e99,
  author =	 {D. Eppstein},
  title =	 {Spanning Trees and Spanners},
  booktitle =	 {Handbook of Computational Geometry},
  pages =	 {425--461},
  publisher =	 {Elsevier},
  year =	 1999,
  editor =	 {J.-R. Sack and J. Urrutia}
}

@InCollection{ea99,
  author =	 {J. Erickson and P. K. Agarwal},
  title =	 {Geometric Range Searching and Its Relatives},
  booktitle =	 {Advances in Discrete and Computational Geometry},
  pages =	 {1--56},
  publisher =	 {American Mathematical Society Press},
  year =	 1999,
  editor =	 {B. Chazelle and J. E. Goodman and R. Pollack},
  volume =	 223,
  series =	 {Contemporary Mathematics}
}

@InProceedings{ekll01,
  author =	 {A. Ebbers-Baumann and R. Klein and E. Langetepe and
                  A. Lingas},
  title =	 {A Fast Algorithm for Approximating the Detour of a
                  Polygonal Chain},
  booktitle =	 {Proceedings of the 9th Annual European Symposium on
                  Algorithms (ESA 2001)},
  pages =	 {321--332},
  year =	 2001
}

@Article{f87,
  author =	 "S. J. Fortune",
  year =	 "1987",
  institution =	 "AT\&T",
  title =	 "A sweepline algorithm for {V}oronoi diagrams",
  journal =	 "Algorithmica",
  volume =	 "2",
  pages =	 "153--174",
}

@Article{gss89,
  author =	 {L. J. Guibas and M. Sharir and S. Sifrony},
  title =	 {On the General Motion Planning Problem with Two
                  Degrees of Freedom},
  journal =	 {Discrete \& Computational Geometry},
  year =	 1989,
  volume =	 4,
  pages =	 {491--521}
}

@InProceedings{ik95,
  author =	 "C. Icking and R. Klein",
  title =	 "Searching for the Kernel of a Polygon: {A}
                  Competitive Strategy",
  pages =	 "258--266",
  booktitle =	 "Proceedings of the 11th Annual Symposium on
                  Computational Geometry",
  year =	 "1995",
}

@Article{jm39,
  author =	 {W. A. Johnson and R. F. Mehl},
  title =	 {Reaction Kinetics in Processes of Nucleation and
                  Growth},
  journal =	 {Transactions of the Americal Institute of Mining and
                  Metallurgy},
  year =	 1939,
  volume =	 135,
  pages =	 {416--458}
}

@InProceedings{lms02,
  author =	 {S. Langerman and P. Morin and M. Soss},
  title =	 {Computing the maximum detour and spanning ratio of
                  planar chains, trees and cycles},
  booktitle =	 {Proceedings of the 19th International Symposium on
                  Theoretical Aspects of Computer Science (STACS
                  2002)},
  pages =	 {250--261},
  year =	 2002,
  volume =	 2285,
  series =	 {LNCS},
  publisher =	 {Springer-Verlag},
}

@Article{m83,
  author =	 {N. Megiddo},
  title =	 {Applying Parallel Computation Algorithms in the
                  Design of Serial Algorithms},
  journal =	 {Journal of the ACM},
  year =	 1983,
  volume =	 30,
  number =	 4,
  pages =	 {852--865}
}

@Article{m93,
  author =	 {J. Matou\v{s}ek},
  title =	 {Range Searching with Efficient Hierarchical
                  Cuttings},
  journal =	 {Discrete {\&} Computational Geometry},
  year =	 1993,
  volume =	 10,
  number =	 2,
  pages =	 {157--182}
}

@Article{ns01,
  author =	 "G. Narasimhan and M. Smid",
  title =	 "Approximating the Stretch Factor of {Euclidean}
                  Graphs",
  journal =	 "SIAM Journal on Computing",
  volume =	 "30",
  number =	 "3",
  pages =	 "978--989",
  year =	 "2001",
}

@Book{ps85,
  author =	 "F. P. Preparata and M. I. Shamos",
  title =	 "Computational Geometry: In Introduction",
  publisher =	 "Springer-Verlag",
  address =	 "New York",
  year =	 "1985",
}

@Book{sa95,
  author =	 {M. Sharir and P. K. Agarwal},
  title =	 {{D}avenport-{S}chinzel Sequences and Their Geometric
                  Applications},
  publisher =	 {Cambridge University Press},
  year =	 1995,
  address =	 {New York}
}

@Article{st85,
  author =	 "D. D. Sleator and R. E. Tarjan",
  title =	 "{Amortized Efficiency of List Update and Paging
                  Rules}",
  journal =	 "Communications of the ACM",
  volume =	 "28",
  pages =	 "202--208",
  year =	 "1985",
}

@Article{st86,
  author =	 "N. Sarnak and R. E. Tarjan",
  title =	 "Planar point location using persistent search trees",
  journal =	 "Communications of the ACM",
  volume =	 "29",
  number =	 "7",
  pages =	 "669--679",
  year =	 "1986",
}

