@string{cpc = {Combinatorics, Probability and Computing}}
@string{socg2004 = {Proceedings of the Twentieth Annual Symposium on
Computational Geometry (SoCG~2004)}}

@inproceedings{prtt04,
  author    = {J. Pach and R. Radoici\'c and G. Tardos and G. T\'oth},
  title     = {Improving the crossing lemma by finding more crossings
               in sparse graphs},
  pages     = {68--75},
  booktitle = socg2004,
  year      = 2004
}

@article{s97,
  author    = {L. A. Sz\'ekely},
  title     = {Crossing numbers and hard {E}rd\"os problems
               in discrete geometry},
  journal   = cpc,
  volume    = 6,
  pages     = {353--358},
  year      = {1997},
}

